2294 3620
10 217 291 278 1’.ἷῧιημερεύοντες
317 226 352 263 ἐν
378 229 449 268 τοῖς
482 225 562 276 περὶ
594 228 655 262 τοῦ
679 224 771 264 θείου
795 226 923 277 λόγοις,
949 225 1070 278 ἔχουσι

15 283 68 324 δὲ
92 284 217 329 οἴκους
239 284 300 323 καὶ
332 283 462 334 τεμένη
491 283 559 322 ὑπὸ
589 287 653 322 τοῦ
681 284 854 336 βασιλέως
882 285 1070 336 οἰκοδομη-

8 341 108 387 ,ἶθέντ
111 359 153 391 α,
154 345 208 384 ἓν
228 337 278 388 οἷς
297 341 474 392 οἰκονόμοι
493 341 617 381 εἷσὶν
598 342 796 382 απότακτόν
817 360 850 382 τι
867 343 1071 394 λαμὸάνον-

6 408 89 454 ξτες
120 401 219 455 παρὰ
247 405 309 440 τοῦ
331 401 502 452 βασιλέως
531 402 578 444 εἷς
607 401 738 454 τροφὴν
762 405 830 441 τῶν
864 403 1066 443 συνιόντων.

4 458 11 467 ’
15 459 77 503 {2⁴11
111 460 148 500 δὲ
181 460 389 513 παρασκευὴ
427 459 561 511 γίνεται
598 460 722 514 ὀρύζης
757 461 818 500 καὶ
857 461 972 516 ἄρτων
1011 461 1071 501 καὶ

4 519 172 580 J6⁷tosspoec
204 519 265 558 καὶ
298 518 481 571 λαχάνων.
541 518 614 558 Καὶ
652 520 878 559 εἰσελθόντων
922 523 969 565 εἷς
1010 521 1069 560 τὸν

7 572 155 620 ιοἷκονς
141 578 209 617 υπὸ
228 578 436 630 σημαίνοντι
460 578 597 617 κώδωνι
616 580 647 617 οἱ
669 579 718 629 μὴ
741 581 983 632 Σαμαναὶοι’
968 579 1067 625 εξία-

0 637 6 661 ³''
20 654 107 686 σιν,
138 639 170 676 οἱ
217 638 254 678 δὲ
295 636 567 690 προσεύχονται.
627 638 842 690 Εὐξαμένων
884 639 921 678 δὲ
963 638 1069 678 πάλιν

0 695 276 742 ενδιακωδωνίζει
289 695 350 735 καὶ
367 697 428 734 οἱ
415 696 590 749 υπηρέται
610 697 748 750 ἑκάστῳ
769 698 932 750 τρυὸλίον
954 698 1071 742 δόντες

10 757 39 811 ζ
50 755 110 796 δύο
128 755 195 809 γὰρ
215 757 254 794 ἐκ
267 756 393 795 ταύτοῦ
412 757 474 794 οὐκ
486 756 856 810 ἐσθίουσι)τρέ;ρουσιν
876 758 923 812 (1)
946 757 1071 801 αὐτοὺς

2 818 68 869 3³:²1]
93 815 220 867 ὂρύζῃ·
250 817 300 867 τῷ
323 815 359 853 δὲ
387 814 543 868 δεομένῳ
573 817 750 860 ποικιλίας
772 817 998 869 προστίθεται
1030 816 1071 856 τὸ

3 874 179 926 Ἃᾶχανον
210 874 233 921 ἢ
259 877 321 922 τῆς
342 874 484 926 ὀπώρας
506 891 553 915 τι.
613 875 815 929 Τραερέντες
836 877 872 915 δὲ
891 876 1071 926 συντόμως

7 933 88 986 ’,Ἐπὶ
105 932 167 976 τὰς
197 932 305 977 αὐτὰς
334 933 520 985 διατριὸὰς
545 933 687 978 ἐξίασιν.
747 934 920 985 Ἀγύναιοι
948 934 977 973 δ’
1004 934 1071 973 εἶσὶ

5 987 158 1036 4,Ιτιτοίντιες
177 992 238 1031 καὶ
270 992 467 1043 ἀκτήμονες
484 992 544 1030 καὶ
564 997 729 1032 τοσοῦτον
748 995 859 1032 αὐτῶν
873 1010 911 1032 τε
927 994 987 1032 καὶ
1001 996 1071 1032 τῶν

11 1060 16 1086 ξ
26 1052 255 1105 Βραχμάνων
287 1051 393 1095 offla<
426 1050 566 1104 ἔχουσιν
587 1054 618 1090 οἳ
648 1052 772 1102 ἄλλοι,
923 1053 982 1092 καὶ
1011 1053 1068 1091 τὸν

6 1111 179 1164 ’,βασιλέα
201 1113 425 1164 ἀφικνεῖσθαι
441 1113 525 1163 παρ’
552 1111 675 1154 αὐτοὺς
698 1111 759 1150 καὶ
779 1112 946 1150 ἱκετεύειν
965 1111 1069 1157 εὔξα-

0 1169 108 1211 “.··σθαί
127 1186 162 1208 τι
179 1170 239 1208 καὶ
259 1171 427 1217 δεηθῆναι
444 1170 533 1222 ὑπὲρ
548 1172 616 1208 τῶν
637 1170 986 1222 καταλαμὸανόντων
1003 1170 1066 1218 τὴν

0 1236 7 1241 ”
20 1228 145 1282 χώραν
164 1228 186 1276 ἢ
203 1228 466 1280 συμὸουλεῦσαι
481 1230 522 1268 τὸ
541 1230 730 1278 πρακτέον.

76 1290 98 1338 §
115 1302 160 1328 18.
191 1288 302 1328 Αὐτοὶ
319 1287 356 1326 δὲ
378 1287 488 1331 οὕτως
505 1287 590 1340 πρὸς
611 1288 757 1327 θάνατον
789 1288 1003 1340 διάκεινται,
1023 1307 1070 1334 ως

24 1346 84 1387 τὸν
109 1347 171 1396 μὲν
191 1350 251 1385 τοῦ
270 1349 332 1393 ζῆν
349 1346 474 1399 χρόνον
492 1345 612 1399 ὥσπερ
631 1347 828 1398 ἀναγκαίαν
845 1348 922 1386 τινὰ
941 1351 985 1400 τῇ
1006 1348 1069 1401 φύ-

8 1412 76 1445 ’σει
97 1405 317 1458 λειτουργίαν
345 1405 518 1450 ἀκουσίως
539 1405 746 1456 υπομένειν,
765 1407 927 1445 σπεύδειν
948 1407 984 1445 δὲ
1007 1411 1069 1451 τὰς

20 1465 171 1528 ψυχὰς..ν
183 1467 361 1504 ἀπολῦσαι
395 1466 465 1502 τῶν
505 1465 695 1515 σωμάτων.
756 1466 829 1504 Καὶ
875 1467 1067 1516 πολλάκις,

23 1524 111 1566 ὅταν
132 1518 171 1562 εὖ
189 1523 281 1576 ἔχειν
306 1524 507 1577 σκέψωνται
523 1552 534 1572 ,
554 1523 706 1575 μηδενὸς
732 1524 855 1569 αὐτοὺς
873 1525 1069 1577 ἐπείγοντος

10 1587 135 1630 Ἰκακοῦ
156 1582 247 1634 μηδὲ
267 1583 507 1628 ἐξελαύνοντος
532 1582 643 1628 ἐξίασι
661 1588 723 1622 τοῦ
754 1584 851 1636 βίου,
878 1585 1071 1638 προειπόν-

23 1658 81 1687 τες
104 1642 225 1694 μέντοι
244 1648 317 1685 τοῖς
338 1642 474 1686 ἄλλοις·
499 1642 560 1680 καὶ
582 1641 675 1682 ἔστιν
696 1643 808 1687 οὐδεὶς
838 1646 856 1681 ὃ
877 1644 1069 1692 κωλύσων,

26 1701 120 1740 ἀλλὰ
153 1701 284 1746 πάντες
317 1700 441 1745 αὐτοὺς
473 1702 773 1753 εὐδαιμονίζοντες
795 1702 882 1757 πρὸς
910 1703 990 1747 τοὺς
1022 1705 1070 1741 οἷ-

24 1761 138 1806 κείους
167 1763 236 1799 τῶν
270 1761 488 1808 τεθνηκότων
514 1761 775 1808 ἐπισκήπτουσί
795 1778 886 1802 τινα.
947 1762 1070 1806 Οὕτως

27 1821 175 1872 βεὸαίαν
195 1820 257 1858 καὶ
278 1819 520 1867 ἀληθεστάτην
541 1819 639 1859 αὖτοί
656 1836 693 1858 τε
714 1820 774 1859 καὶ
797 1823 827 1860 οἱ
851 1822 975 1860 πολλοὶ
994 1827 1071 1866 ταῖς

24 1882 155 1934 ψυχαῖς
182 1880 246 1927 τὴν
268 1882 345 1930 μετ’
370 1879 533 1926 ἀλλήλων
555 1872 644 1918 εἶναι
665 1879 802 1919 δίαιταν
825 1881 1067 1920 πεπιστεύκα-

23 1954 92 1979 σιν.
151 1941 198 1979 Οἱ
228 1939 258 1977 δ’
279 1938 421 1978 ἐπειδὰν
451 1938 682 1977 ὑπακούσωσι
710 1942 780 1977 τῶν
809 1941 1069 1990 ἐντεταλμένων

22 1999 155 2046 αὖτοῒς,
175 1998 260 2051 πυρὶ
279 1998 318 2037 τὸ
339 2000 443 2049 σῶμα
466 1998 703 2050 παραδόντες,
727 1998 823 2042 ὅπως
844 2000 886 2046 δὴ
905 2003 1067 2052 καθαρω-

23 2057 132 2105 τάτην
154 2056 370 2110 ἀποκρίνωσι
387 2060 449 2094 τοῦ
472 2055 635 2107 σώματος
651 2056 715 2104 τὴν
730 2058 848 2110 ψυχὴν
861 2088 870 2104 ,
895 2060 1070 2108 ὑμνούμε-

14 2133 75 2167 ,νοι
95 2118 305 2156 τελευτῶσι·
338 2120 421 2170 ῥᾷον
444 2116 513 2167 γὰρ
535 2117 685 2160 ἐκείνους
710 2119 756 2160 εἷς
785 2117 842 2155 τὸν
866 2117 1013 2156 θάνατον
1036 2122 1068 2157 οἱ

24 2177 185 2230 φίλτατοι
205 2174 479 2226 ἀποπέμπουσιν
501 2174 523 2222 ἢ
542 2178 611 2213 τῶν
633 2176 748 2214 ἄλλων
770 2176 961 2228 ἀνθρώπων
984 2176 1067 2215 ἕκα-

25 2251 101 2274 στοι
117 2234 196 2279 τοὺς
212 2235 360 2278 πολίτας
381 2236 427 2279 εἷς
449 2234 498 2286 μὴ
522 2234 695 2285 μηκίστας
714 2236 930 2286 ἀποδημίας.
996 2237 1068 2275 Καὶ

25 2301 115 2348 σφᾶς
134 2293 197 2346 μὲν
215 2293 342 2338 αὐτοὺς
362 2294 569 2346 δακρύουσιν
583 2295 617 2332 ἐν
629 2297 678 2346 τῷ
690 2296 750 2341 ζῆν
765 2295 990 2345 διαμένοντας
1011 2296 1068 2349 (2),

22 2354 175 2398 ἐκείνους
195 2352 231 2392 δὲ
253 2352 487 2405 μακαρίζουσι
503 2352 567 2399 τὴν
591 2353 764 2391 ἀθάνατον
782 2354 881 2401 λῆξιν
903 2356 1068 2405 ἀπολαμ-

24 2412 219 2461 ὅάνοντας,
248 2412 310 2451 καὶ
341 2412 450 2465 οὐδεὶς
476 2410 555 2449 οὔτε
586 2412 682 2464 παρὰ
709 2411 843 2457 τούτοις
872 2412 952 2451 οὔτε
971 2414 1069 2465 παρὰ

24 2478 99 2516 τοῖς
119 2472 237 2516 ἄλλοις
261 2474 343 2515 τοῖς,
362 2471 557 2523 εἰρημένοις
585 2471 751 2525 σοφιστὴς
779 2472 982 2525 προελθὼν,
1004 2467 1069 2512 οἷοι

25 2531 146 2584 ’βροτοὶ
180 2535 238 2569 νῦν
282 2531 368 2588 παρ’
397 2530 573 2577 Ἕλλησιν
586 2560 596 2578 ,
631 2533 775 2583 ἀπορεῖν
813 2532 906 2577 ἔδοξε
941 2532 1067 2583 λέγων·

28 2590 114 2629 Ἐὰν
146 2592 237 2639 ὑμᾶς
258 2589 385 2633 πάντες
412 2590 662 2641 μιμήσωνται,
683 2590 717 2628 τί
737 2593 821 2640 ἡμῖν
844 2591 965 2639 ἔσται;
992 2590 1070 2630 οὔτε

22 2647 84 2688 διὰ
107 2648 249 2692 τούτους
267 2648 439 2700 συνεχύθη
459 2648 502 2686 τὰ
519 2650 587 2686 τῶν
612 2648 820 2701 ἀνθρώπων.
881 2647 978 2689 Οὔτε
1001 2650 1069 2702 γὰρ

21 2708 248 2759 ἐμιμήσαντο
264 2707 414 2754 πάντες,
437 2705 471 2745 οῗ
491 2722 528 2744 τε
551 2707 762 2758 μιμούμενοι
791 2708 956 2758 εὐνομίας
978 2711 1070 2760 μᾶλ-

26 2768 87 2805 λον
101 2797 112 2818 ,
132 2768 171 2806 οὐ
193 2766 396 2818 συγχύσεως
416 2771 486 2809 τοῖς
507 2765 619 2804 ἔθνεσι
639 2766 822 2818 γεγόνασιν
840 2767 961 2806 αἴτιοι,
996 2768 1069 2806 Καὶ

31 2825 102 2875 μὴν
121 2825 197 2864 οὐδὲ
222 2828 240 2863 ὃ
259 2825 365 2876 νόμος
384 2824 527 2868 τούτους
549 2825 747 2876 ἠνάγκασεν
765 2855 774 2875 ,
803 2824 892 2864 ἀλλὰ
912 2831 984 2869 τοῖς
1005 2826 1069 2864 ἄλ-

21 2886 98 2928 λοις
131 2883 320 2936 ἐπιτρέψας
347 2887 517 2923 σιτεῖσθαι
546 2883 672 2935 κρέασι
697 2884 838 2928 τούτους
859 2884 1071 2935 αὐτονόμους

21 2943 124 2982 7εἴασε
143 2942 204 2981 καὶ
222 2941 350 2995 ἐσέφθη
368 2945 414 2986 ὡς
432 2945 536 2981 αὑτοῦ
553 2942 775 2995 κρείττονας,
793 2946 831 2982 οὗ
849 2943 919 2994 μὴν
937 2946 982 2987 ὡς
997 2946 1071 2982 ἀδι-

23 3002 103 3046 κίας
122 3001 365 3053 κατάρχοντας
387 3000 548 3052 ὃπήγαγε
568 3005 611 3053 τῇ
635 3003 719 3053 παρ’
740 3005 845 3040 αὑτοῦ
864 3002 964 3054 δίκῃ,
981 3003 1072 3041 ἀλλὰ

29 3061 109 3105 τοὺς
126 3060 277 3114 ἑτέρους.
338 3060 437 3112 Πρὸς
462 3060 582 3110 μέντοι
600 3060 679 3104 τοὺς
699 3062 903 3113 ἐρωτῶντας
917 3061 956 3100 ’τί
973 3061 1072 3101 ἔσται

33 3119 292 3171 μιμησαμένων
317 3119 461 3158 πάντων
484 3118 563 3162 τοὺς
587 3121 782 3166 τοιούτους,
804 3121 924 3173 ῥητέον
948 3121 987 3159 τὸ
1012 3125 1071 3159 τοῦ

30 3178 263 3231 Πυθαγόρου·
293 3178 354 3216 καὶ
389 3178 455 3231 γὰρ
498 3178 672 3229 βασιλέων
704 3179 846 3217 πάντων
876 3180 1070 3231 γενομένων

32 3237 272 3282 δυσδιέξακτος
287 3242 304 3277 ὃ
326 3236 398 3288 βίος
411 3267 421 3284 ,
451 3237 554 3290 φησὶν
569 3268 579 3287 ,
598 3237 696 3276 ἔσται
722 3237 784 3276 καὶ
801 3241 839 3277 οὗ
860 3239 971 3286 δήπου
989 3255 1073 3292 φευ-

25 3296 129 3335 κτέον
152 3296 191 3335 τὸ
210 3300 272 3344 τῆς
295 3296 496 3348 βασιλείας·
520 3296 582 3335 καὶ
602 3297 802 3336 σπουδαίων
825 3297 990 3337 ἁπάντων
1010 3301 1071 3338 οὐκ

803 1053 894 1092 ὥστε

74 3381 121 3424 (1)
138 3384 307 3424 τρέφοντες.
327 3401 368 3407 -
386 3382 431 3425 (2)
448 3384 675 3425 διαμείναντας.

725 112 1124 184 COMMENTAIRES
1154 144 1254 186 SUR
1280 145 1464 187 L’INDE.

2130 157 2177 194 71

1143 235 1182 260 ac·
1201 229 1309 260 totum
1329 228 1419 261 diem
1441 229 1474 260 in
1494 229 1614 265 divinis
1631 230 1802 271 colloquiis
1820 232 2020 273 traducunt,
2044 235 2101 268 ubi
2119 237 2179 267 do-

1143 295 1216 320 mus
1233 288 1267 319 et
1282 287 1357 319 sana
1375 297 1395 320 a
1410 297 1486 329 rege
1499 289 1666 320 exstructa
1679 289 1803 322 habent
1819 289 1873 322 :in
1890 291 2010 331 quibus
2023 295 2182 327 oeconomi

1143 347 1237 386 sunt,
1252 346 1310 388 qui
1326 347 1452 380 certam
1473 346 1639 388 quandam
1659 347 1846 380 mercedem
1865 348 1907 380 ad
1923 351 2182 384 convenientium

1143 406 1334 440 alimentum
1354 415 1373 439 a
1396 415 1472 447 rege
1491 405 1666 449 accipiunt.
1709 406 1826 439 Victus
1847 416 1963 439 eorum
1981 417 2023 440 ex
2035 419 2132 450 oryza
2150 415 2184 443 et

1142 474 1226 508 pane
1243 466 1277 498 et
1291 465 1398 507 pomis
1414 466 1448 498 et
1469 465 1612 498 oleribus
1626 466 1811 507 apparatur.
1856 466 1939 497 Nam
1956 475 2033 499 cum
2047 467 2185 510 ingressi

1143 526 1177 558 in
1195 525 1329 558 domum
1347 524 1470 557 fuerint
1482 550 1491 565 ,
1508 523 1776 557 adtintinnabuli
1792 524 1920 566 signum
1932 526 2092 558 Samanoei
2110 536 2183 567 pre-

1143 593 1199 618 ces
1221 584 1418 625 effundunt3
1444 583 1534 625 quod
1561 583 1620 616 ubi
1650 583 1820 622 fecerunt,
1849 583 1939 625 signo
1966 583 2088 617 iterum
2110 585 2187 618 dato

1143 643 1285 677 ministri
1303 643 1439 686 singulis
1455 643 1548 676 lance
1568 643 1679 676 oblata
1691 668 1699 683 ,
1723 642 1790 675 duo
1806 642 1895 675 enim
1916 652 1956 675 ex
1977 643 2095 675 eodem
2109 653 2187 676 vase

1143 713 1208 737 non
1238 703 1437 743 comedunt,
1455 713 1554 744 oryza
1578 702 1669 745 ipsos
1693 703 1843 744 pascunt.
1889 702 1923 734 Si
1946 702 2022 744 quis
2049 702 2186 735 varieta-

1144 765 1213 796 tem
1232 763 1375 804 aliquam
1393 763 1556 804 requirat,
1577 762 1651 795 olus
1669 763 1727 794 aut
1741 770 1918 803 pomorum
1940 761 2110 803 quidpiam
2126 771 2184 803 ap—

1142 823 1278 864 ponitur
1310 835 1317 855 :
1338 822 1458 864 quibus
1484 831 1562 855 sane
1591 821 1742 855 celeriter
1763 823 1956 854 vescuntur.
2003 823 2076 859 Quo
2102 821 2187 853 sacto

1143 884 1262 915 exeunt
1280 882 1323 915 ad
1342 882 1457 915 eadem
1471 881 1581 914 studia
1598 890 1671 914 sese
1690 880 1893 914 conversuri.
1938 882 2061 912 Omnes
2077 881 2188 912 autem

1143 943 1276 975 caelibes
1299 943 1376 974 sunt
1392 950 1499 983 neque
1519 941 1605 974 ullas
1624 940 1850 983 possessiones
1872 939 2016 978 habent3
2034 948 2073 972 ac
2098 940 2189 973 tanta

1143 1003 1177 1033 et
1195 1001 1257 1042 ipsi
1275 1002 1310 1033 et
1326 1001 1546 1033 Brachmanes
1560 1001 1595 1032 in
1606 999 1817 1033 veneratione
1834 999 1921 1041 apud
1936 999 2019 1031 alios
2039 999 2136 1038 sunt,
2150 1000 2189 1031 ut

1147 1069 1206 1092 rex
1225 1069 1357 1100 quoque
1376 1059 1542 1092 interdum
1559 1059 1602 1091 ad
1624 1067 1681 1092 eos
1705 1058 1858 1099 accedat,
1883 1059 2041 1099 rogetque
2068 1058 2107 1090 ut
2128 1065 2189 1098 pro

1143 1119 1234 1150 statu
1253 1118 1396 1160 regionis
1422 1117 1523 1151 deum
1547 1118 1733 1159 precentur,
1754 1118 1812 1150 aut
1830 1116 1912 1158 quid
1930 1115 2094 1157 agendum
2119 1115 2186 1156 sit,

1142 1178 1331 1210 consulant.

1186 1236 1204 1277 ᾗ
1230 1239 1278 1268 18.
1303 1236 1370 1277 Ipsi
1383 1238 1495 1268 autem
1507 1236 1556 1268 ita
1573 1244 1650 1276 erga
1667 1236 1810 1267 mortem
1835 1233 1948 1267 affecti
1969 1235 2066 1273 sunt,
2084 1237 2123 1266 ut
2140 1243 2190 1265 vi—

1142 1294 1242 1327 vendi
1263 1297 1396 1336 tempus
1423 1294 1521 1336 quasi
1541 1293 1764 1328 necessarium
1786 1292 1957 1334 ,quoddam
1975 1293 2104 1324 naturae
2124 1291 2186 1324 mi-

1142 1351 1317 1384 nisterium
1336 1351 1433 1384 inviti
1455 1352 1660 1391 sustineant,
1679 1354 1777 1392 atque
1795 1351 1871 1384 ideo
1893 1351 2018 1383 animas
2035 1359 2054 1383 a
2070 1359 2186 1392 corpo-

1142 1411 1235 1443 ribus
1252 1411 1406 1443 festinent
1426 1411 1608 1443 absolvere.
1654 1414 1701 1443 Ac
1721 1419 1808 1452 saepe
1823 1410 1882 1443 ubi
1905 1410 1989 1443 bene
2010 1419 2045 1442 se
2063 1409 2187 1442 habere

1143 1471 1388 1512 conspexerint,
1415 1471 1504 1502 nullo
1534 1470 1621 1503 malo
1648 1473 1785 1512 urgente
1806 1479 1824 1503 e
1846 1470 1915 1502 vita
1943 1469 2128 1508 decedunt,
2150 1477 2187 1501 re

1142 1532 1254 1563 tamen
1275 1530 1347 1562 aliis
1376 1530 1616 1571 praenuntiata,
1644 1530 1820 1570 nullusque
1847 1529 1890 1561 sit
1916 1529 1972 1570 qui
1994 1528 2186 1570 prohibeat,

1143 1589 1202 1622 sed
1220 1598 1334 1622 omnes
1350 1598 1408 1622 eos
1423 1589 1537 1622 beatos
1552 1589 1769 1630 praedicantes
1782 1589 1853 1621 suis
1874 1588 2012 1629 quisque
2026 1587 2185 1620 domesti-

1143 1649 1190 1682 cis
1214 1649 1384 1682 morituris
1400 1648 1555 1681 mandata
1572 1648 1726 1690 quaedam
1750 1648 1882 1681 tradant
1903 1662 1911 1680 z
1935 1648 2018 1680 adeo
2034 1647 2186 1680 stabilem

1145 1718 1183 1740 ac
1201 1718 1314 1742 veram
1328 1710 1362 1741 et
1374 1709 1438 1750 ipsi
1452 1710 1485 1742 et
1498 1708 1647 1750 plerique
1670 1707 1841 1741 animabus
1860 1708 1946 1740 inter
1965 1716 2001 1739 se
2017 1708 2093 1749 post
2116 1707 2187 1740 ohr-

1143 1771 1217 1802 tum
1229 1769 1331 1801 vitam
1345 1777 1417 1801 esse
1430 1767 1652 1800 crediderunt.
1696 1767 1747 1799 Illi
1764 1769 1876 1799 autem
1888 1767 1946 1798 ubi
1962 1766 2116 1799 mandata
2127 1765 2188 1798 sibi

1143 1829 1320 1862 commissa
1351 1829 1590 1870 perceperunt,
1618 1836 1755 1869 corpore
1781 1827 1942 1868 inignem
1961 1825 2127 1866 conjecto,
2151 1827 2189 1858 ut

1144 1886 1355 1928 purissimam
1375 1895 1395 1918 a
1425 1895 1561 1927 corpore
1583 1886 1726 1917 animam
1751 1886 1942 1925 secernant,
1966 1884 2008 1916 ab
2036 1883 2189 1916 omnibus

1142 1946 1301 1979 celebrati
1334 1947 1477 1978 mortem
1501 1946 1635 1978 obeunt.
1680 1944 1830 1986 AEquiori
1859 1944 1944 1976 enim
1975 1943 2083 1975 animo
2116 1943 2189 1975 illos

1143 2005 1240 2039 amici
1261 2015 1300 2037 ac
1316 2005 1492 2047 propinqui
1508 2005 1551 2037 ad
1563 1997 1915 2043 mortem'dimittunt‚
1940 2013 2040 2046 quam
2059 2003 2113 2035 alii
2125 2002 2186 2035 ho-

1144 2065 1250 2097 mines
1273 2074 1350 2097 suos
1377 2064 1520 2106 quisque
1545 2064 1636 2096 cives
1651 2063 1684 2095 in
1703 2073 1768 2095 non
1791 2062 1970 2095 admodum
1995 2062 2188 2103 longinquas

1142 2124 1443 2166 peregrinationes:
1467 2132 1506 2155 ac
1527 2132 1562 2156 se
1578 2123 1668 2164 ipsos
1687 2122 1745 2164 qui
1766 2122 1801 2154 in
1827 2122 1893 2154 vita
1913 2122 2109 2163 superstites
2133 2129 2187 2152 re-

1145 2184 1344 2222 manserint,
1361 2183 1552 2224 deplorant,
1578 2182 1652 2214 illos
1677 2182 1795 2220 beant,
1822 2181 1942 2223 quippe
1967 2179 2186 2212 immortalem

1144 2244 1266 2275 sortem
1284 2243 1354 2284 jam
1370 2240 1564 2283 receperint.
1610 2243 1722 2282 Neque
1738 2240 1900 2282 quispiam
1918 2241 1976 2271 aut
1997 2238 2084 2279 apud
2103 2238 2165 2269 hos
2177 2263 2184 2276 ,

1142 2304 1201 2335 aut
1222 2302 1309 2344 apud
1332 2302 1412 2334 alios
1432 2310 1516 2342 quos
1532 2300 1682 2342 superius
1699 2299 1972 2338 commemoravi,
1989 2297 2136 2339 sophista
2149 2306 2188 2330 ac

1144 2363 1347 2394 declamator
1369 2360 1549 2402 procedens
1562 2385 1569 2399 ‚
1591 2360 1705 2400 quales
1726 2359 1821 2391 multi
1837 2358 1926 2400 apud
1945 2359 2079 2390 Graecos
2099 2365 2187 2389 nunc

1145 2423 1222 2454 sunt
1234 2447 1241 2461 ,
1266 2421 1415 2453 dubitare
1437 2420 1530 2452 visus
1543 2421 1614 2459 est,
1633 2428 1672 2451 ac
1687 2418 1797 2450 dicere
1810 2443 1818 2458 ,
1835 2418 1863 2450 si
1880 2426 1946 2449 non
1967 2426 2081 2450 omnes
2105 2417 2184 2449 imi-

1144 2480 1314 2518 tabuntur,
1334 2479 1413 2520 quid
1427 2477 1521 2510 nobis
1531 2477 1680 2509 eveniet?
1696 2485 1803 2516 neque
1814 2477 1947 2517 propter
1962 2475 2023 2507 hos
2032 2475 2187 2507 humanae

1143 2550 1197 2572 res
1213 2540 1357 2572 confusae
1374 2539 1461 2570 sunt.
1506 2539 1589 2568 Nam
1610 2545 1715 2576 neque
1732 2544 1846 2567 omnes
1861 2535 1921 2567 hos
1938 2535 2016 2566 sunt
2033 2534 2154 2567 imitati
2177 2547 2186 2567 :

1143 2602 1178 2633 et
1207 2599 1264 2640 qui
1290 2598 1411 2630 imitati
1439 2598 1535 2637 sunt,
1556 2595 1680 2628 ordinis
1706 2595 1817 2636 potius
1845 2596 1879 2627 et
1910 2594 2183 2636 tranquillitatis,

1144 2669 1243 2700 quam
1262 2657 1464 2690 confusionis
1483 2655 1612 2697 populis
1624 2655 1657 2686 in
1670 2663 1769 2686 causa
1784 2654 1995 2686 exstiterunt.
2042 2655 2085 2686 At
2097 2654 2186 2688 enim

1143 2729 1249 2761 neque
1274 2719 1329 2751 lex
1349 2718 1401 2750 his
1430 2716 1660 2750 necessitatem
1685 2715 1785 2747 ullam
1816 2713 1996 2754 afferebat,
2020 2712 2080 2746 sed
2109 2722 2185 2747 cum

1144 2780 1217 2811 aliis
1232 2778 1456 2820 permitteret,
1482 2777 1519 2808 ut
1538 2774 1690 2807 carnibus
1706 2775 1927 2814 vescerentur,
1949 2773 2010 2805 hos
2028 2773 2081 2806 sui
2102 2772 2186 2814 juris

1144 2840 1181 2870 ut
1197 2838 1307 2870 essent
1322 2863 1330 2877 ,
1350 2835 1500 2876 reliquit,
1516 2836 1550 2867 et
1567 2834 1662 2875 quasi
1682 2843 1717 2866 se
1741 2833 1928 2875 superiores
1944 2834 2101 2866 venerata
2119 2834 2183 2866 est.

1144 2899 1259 2938 Neque
1283 2896 1371 2929 enim
1396 2895 1458 2927 hos
1476 2893 1572 2935 quasi
1589 2893 1760 2934 injustitioe
1787 2894 2050 2935 perpetratores,
2079 2881 2186 2934 poenae

1144 2966 1245 2997 quam
1265 2955 1388 2996 irrogat
1403 2979 1410 2993 ,
1427 2953 1582 2994 subjecit,
1606 2953 1665 2985 sed
1686 2952 1778 2984 alios.
1823 2952 1873 2984 Ad
1897 2961 1954 2984 eos
1981 2954 2109 2991 tamen,
2128 2951 2188 2993 qui

1144 3014 1224 3056 quid
1243 3016 1443 3046 eventurum
1459 3013 1523 3052 sit,
1549 3012 1740 3053 requirunt,
1760 3012 1789 3044 si
1814 3020 1929 3044 omnes
1955 3010 2187 3052 hujuscemodi

1144 3074 1248 3107 vitam
1266 3073 1437 3105 hominum
1455 3072 1636 3112 imitentur,
1664 3071 1746 3104 illud
1762 3071 1957 3112 Pythagorae
1980 3070 2184 3112 responden—

1147 3133 1228 3165 dum
1248 3133 1320 3164 est:
1366 3131 1399 3163 Si
1416 3130 1505 3164 enim
1521 3139 1634 3163 omnes
1652 3131 1763 3163 essent
1785 3138 1879 3171 reges
1890 3154 1899 3169 ,
1916 3129 2115 3169 efficeretur,
2132 3129 2183 3161 in-

1146 3192 1235 3234 quit,
1264 3193 1304 3223 ut
1325 3190 1503 3223 difficulter
1531 3190 1599 3222 vita
1627 3189 1759 3222 traduci
1783 3190 1911 3230 posset,
1940 3197 2046 3229 neque
2073 3189 2184 3222 tamen

1147 3253 1319 3293 propterea
1336 3249 1529 3292 fugiendum
1545 3258 1683 3291 regnum
1701 3250 1764 3282 est.
1809 3248 1861 3281 Sic
1879 3257 2011 3289 quoque
2024 3249 2054 3280 si
2068 3256 2184 3280 omnes

1145 3310 1240 3354 probi
1252 3310 1334 3351 sint,
1346 3309 1535 3351 reipublicae
1549 3307 1682 3350 quidem
1695 3307 1906 3349 expediendae
1922 3316 1960 3339 ac
1971 3306 2182 3349 disponendae
