2294 3620
142 186 2250 275 ffifflffifflffissffifflssffitssffiffiffiffiffiffl

438 328 528 395 ΙΙ.
590 322 1318 411 COMMENTAIRES
1375 321 1553 390 SUR
1609 323 1939 392 L'INDE.

1148 580 1229 629 §1-

572 689 802 743 [Pomnm1,
839 690 1042 735 Fragment
1067 687 1117 721 (Ιιι
1147 686 1276 721 Traite'
1307 685 1357 719 du
1385 683 1497 728 Styx‚·
1519 681 1607 734 «περὶ
1634 682 1802 735 Στυγός.]

178 880 266 918 Ιδοῧ
287 876 419 928 (Ινδοι)
437 877 472 913 οἱ
493 874 549 913 ἐπὶ
576 877 635 920 τῆς
655 869 833 925 βασιλείας
861 872 918 907 τοῦ
940 866 1140 907 Ἀντωνίνου

124 941 182 976 τοῦ
215 937 250 983 ἐξ
270 937 426 988 Ἐμισῶν
446 936 492 977 εἷς
511 933 572 980 τὴν
603 931 732 983 Συρίαν
763 926 972 981 ἀφικομένου
1013 927 1146 978 Βαρδι-

125 996 213 1049 σάνῃ
257 999 306 1048 τῷ
337 998 376 1033 ἐκ
410 990 681 1040 Μεσοποταμίας
711 991 759 1031 εἷς
780 988 907 1038 λόγους
943 984 1145 1037 ἀφικόμενοι

127 1054 360 1106 ἐξηγήσαντο,
382 1054 427 1095 ὡς
446 1054 462 1089 ὁ
489 1049 709 1102 Βαρδισάνης
738 1045 932 1099 ἀνέγραψεν
956 1043 1046 1082 εἷναί
1066 1060 1147 1082 τινα

125 1112 289 1184 λίμνην”
271 1129 320 1150 ετι
339 1111 398 1149 καὶ
417 1126 475 1148 νυν
497 1110 579 1160 παρ’
594 1107 733 1152 Ἰνδοῖς,
754 1104 1025 1156 δοκιμαστηρίου
1046 1105 1146 1154 λεγο-

127 1172 252 1222 μένην·
272 1173 318 1214 εἷς
333 1170 390 1218 ἣν,
420 1169 460 1207 ἄν
487 1182 537 1210 τις
568 1168 635 1204 τῶν
657 1165 774 1203 Ἰνδῶν
799 1163 911 1201 αἰτίαν
934 1162 1024 1214 ἔχων
1055 1161 1146 1204 τινὸς

122 1229 294 1282 ἁμαρτίας
321 1220 487 1280 αρνῆται,
524 1227 592 1263 τῶν
627 1222 851 1275 Βραχμάνων
881 1222 970 1265 τινὲς
998 1220 1145 1271 δοκιμά-

122 1292 235 1334 ζουσιν
257 1286 379 1334 αὐτὸν,
402 1299 522 1323 τουτον
549 1282 585 1321 δὲ
601 1283 659 1321 τὸν
680 1281 806 1335 τρόπον
828 1281 1058 1318 πυνθάνονται
1082 1283 1143 1317 τοῦ

121 1346 320 1399 ιἰνθρώπου,
344 1348 372 1383 εἰ
393 1343 521 1382 θέλει
503 1342 560 1382 οιὰ
579 1357 639 1380 του
661 1341 783 1383 ὕδατος
806 1339 972 1391 γενέσθαι
986 1339 1047 1385 τὴν
1071 1338 1144 1383 ἐξέ-

119 1421 231 1445 τασιν.
291 1403 362 1443 Και
382 1402 432 1475 μὴ
455 1402 596 1440 θέλοντα
618 1398 679 1450 μὲν
701 1402 746 1443 ὡς
770 1399 958 1437 ὑπεύθυνον
977 1397 1146 1447 ἀποπέμ-

119 1480 245 1513 πουσι,
265 1463 328 1509 τὴν
359 1461 456 1508 δίκην
491 1460 692 1498 αἰτιάσονται
712 1458 782 1510 (an
811 1456 950 1495 τίσοντα
971 1459 1065 1494 vel'
1051 1456 1149 1494 εκτί-

121 1524 283 1573 σονταὲ)·
307 1520 594 1573 παραδεχόμενον
628 1517 663 1555 δὲ
693 1516 756 1563 τὴν
785 1516 936 1568 βάσανον
968 1516 1147 1567 εισάγουσι

121 1582 209 1634 μετὰ
228 1584 297 1620 τῶν
313 1579 532 1631 κατηγόρων.
592 1574 856 1616 Καταὸαίνουσι
881 1574 948 1627 γὰρ
973 1590 1032 1612 και
1054 1578 1146 1613 ουτοι

122 1643 168 1686 εἷς
183 1640 221 1679 τὸ
236 1640 340 1712 ὕδωρ,
355 1636 692 1689 δοκιμασθησόμενοι
708 1634 756 1684 μὴ
773 1635 1027 1686 συκοφαντῶσι.
1048 1633 1148 1685 Διέρ-

122 1715 243 1752 χονται
266 1698 376 1736 τοίνυν
402 1698 434 1735 οἱ
461 1695 696 1736 ἐπιὸαίνοντες
727 1696 785 1730 τοῦ
810 1691 932 1735 ὕδατος
965 1694 1011 1736 εἷς
1032 1691 1146 1745 ἕτερον

123 1760 224 1811 μέρος
246 1760 306 1803 τῆς
327 1756 465 1806 λίμνης.
509 1754 562 1793 Τὸ
586 1753 688 1804 βάθος
715 1753 744 1790 δ’
768 1752 859 1790 ἔστιν
887 1751 969 1803 ἄχρι
992 1754 1059 1789 τῶν
1085 1767 1149 1803 γο-

123 1817 248 1856 νάτων.
283 1814 419 1858 Παντὸς
435 1812 543 1857 ουτως
565 1817 622 1851 οὖν
645 1812 739 1863 (leg.
764 1805 820 1849 οῧν
836 1810 960 1862 ουτως)
979 1812 1025 1853 εἷς
1043 1811 1149 1856 αὐτὴν

125 1876 305 1918 ἐπιὸάντος
317 1903 327 1921 ,
344 1873 425 1911 ὅταν
444 1876 461 1910 ὃ
481 1886 775 1924 κατηγορουμένος
794 1869 920 1922 ἐπιὸῆ,
945 1869 1147 1920 ἀναμάρτη-

125 1950 180 1979 τος
202 1935 264 1984 μὲν
281 1931 343 1983 ὢν,
366 1933 472 1975 ἀδεῶς
486 1930 672 1983 διέρχεται,
695 1929 777 1981 ἄχρι
794 1931 861 1966 τῶν
884 1928 1034 1978 γονάτων
1056 1927 1147 1980 ἔχων

124 1993 162 2031 τὸ
181 1993 286 2044 ὕδωρ·
320 1989 484 2043 ἁμαρτὼν
504 1989 556 2036 δὲ,
576 1988 689 2039 ὀλίγον
713 1986 846 2038 προὸὰς
867 1986 1071 2038 βαπτίζεται
1089 1987 1148 2036 μέ-

124 2066 184 2104 χρι
203 2052 367 2103 κεφαλῆς.
443 2050 488 2087 Οἱ
511 2047 545 2085 δὲ
570 2050 777 2099 Βραχμᾶνες
804 2047 1025 2088 ἀνασπῶντες
1045 2045 1148 2083 αὐτὸν

126 2113 163 2149 ἐκ
174 2113 231 2148 τοῦ
247 2109 368 2152 ὕδατος
383 2105 614 2159 παραδιδόασι
629 2110 696 2148 τοῖς
709 2104 867 2155 ἐνάγουσι
883 2105 1149 2157 (ἐναγαγοῧσιῖ)

126 2171 237 2214 ζῶντα
251 2197 261 2216 ,
281 2167 340 2205 καὶ
362 2166 494 2210 ἀξιοῦσι
510 2165 736 2210 παιδευθῆναι
751 2163 860 2215 χωρὶς
880 2165 1066 2209 θανατικῆς
1086 2178 1149 2201 κα-

124 2225 463 2277 ταδίκης·γίγνεσθαι
478 2223 513 2261 δὲ
527 2227 627 2262 τοῦτο
636 2221 800 2270 σπανίως,
810 2224 858 2273 τῷ
871 2221 1003 2271 μηδένα
1016 2223 1149 2274 τολμᾷν

126 2286 301 2338 ἀρνεῖσθαι
322 2284 360 2322 τὸ
377 2283 595 2336 ἁμάρτημα,
620 2281 675 2319 διὰ
694 2281 751 2319 τὸν
772 2283 810 2319 ἐκ
830 2284 890 2318 τοῦ
911 2280 1032 2323 ὕδατος
1054 2279 1151 2332 ἔλεγ-

123 2359 198 2396 χον.
253 2341 446 2382 Ἑκουσίων
463 2341 573 2380 τοίνυν
586 2339 855 2392 ἁμαρτημάτων
879 2339 1148 2391 δοκιμαστήριον

125 2401 254 2447 Ἰνδους
273 2417 374 2441 τουτο
397 2400 490 2453 ἔχειν
515 2400 551 2438 τὸ
573 2399 684 2452 ὕδωρ·
715 2398 884 2437 ἀκουσίων
907 2398 941 2437 δὲ
969 2400 1056 2448 ὁμοῦ
1087 2399 1151 2436 καὶ

129 2462 292 2501 ἑκουσίων
312 2477 371 2499 και
392 2460 480 2503 ὅλως
500 2461 601 2511 ὀρθοῦ
626 2458 729 2511 βίου
719 2458 834 2510 ἕτερον
854 2461 953 2504 εἰναι,
973 2457 1054 2509 περὶ
1075 2461 1112 2495 οὑ
1133 2460 1151 2496 ὁ

129 2519 346 2573 Βαρδισάνης
365 2511 447 2557 τάδε
472 2518 611 2570 γράφει·
644 2517 739 2564 θήσω
770 2516 839 2569 γὰρ
867 2516 1026 2554 τάκείνου
1059 2516 1152 2555 κατὰ

128 2578 232 2623 λέξιν.
310 2581 409 2630 λεγον
430 2577 464 2616 δὲ
478 2593 537 2615 και
552 2577 722 2624 σπήλαιον
738 2580 825 2615 εἶναι
846 2577 1042 2624 αὐτόματον
1058 2575 1151 2627 μέγα

131 2639 164 2675 ἐν
184 2637 255 2690 ὄρει
274 2637 479 2690 ὑψηλοτάτῳ
501 2636 622 2688 σχεδὸν
642 2636 733 2674 κατὰ
758 2634 861 2686 μέσον
882 2638 942 2681 τῆς
961 2637 1043 2685 γῆς·
1067 2638 1101 2673 ἐν
1123 2639 1151 2688 ῳ

132 2696 322 2748 σπηλαίω’
312 2711 403 2734 εστιν
436 2695 589 2747 ἀνδριὰς,
613 2695 649 2733 δν
681 2695 855 2739 εἰκάζουσι
876 2696 998 2745 πηχῶν
1025 2693 1064 2731 δέ
1048 2710 1109 2731 ςκα
1129 2694 1150 2741 ἢ

132 2753 284 2801 δώδεκα,
307 2754 414 2797 ἑστὼς
445 2754 562 2806 ὀρθὸς,
596 2754 684 2806 ἔχων
707 2754 769 2796 τὰς
789 2759 910 2805 χεῖρας
941 2753 1152 2803 ἧπλωμένας

135 2815 168 2852 ἐν
197 2813 295 2864 τύπῳ
313 2817 473 2864 σταυροῦ.
518 2813 589 2852 Καὶ
618 2813 657 2851 τὸ
678 2812 739 2863 μὲν
758 2812 863 2857 δεξιὸν
884 2815 944 2858 τῆς
961 2811 1073 2864 ὄψεως
1094 2813 1155 2850 αὖ-

134 2875 192 2910 τοῧ
210 2874 300 2909 ἔστιν
319 2870 473 2922 ἀνδρικόν
485 2887 492 2894 ·
509 2871 548 2909 τὸ
564 2871 591 2909 δ’
609 2871 781 2921 εὐώνυμον
800 2870 962 2918 θηλυκόν.
997 2870 1152 2920 Ὁμοίως

137 2929 171 2967 δὲ
191 2930 250 2967 καὶ
276 2932 293 2967 ὃ
329 2929 482 2982 βραχίων
505 2931 522 2966 ὁ
551 2929 675 2977 δεξιὸς,
696 2930 755 2968 καὶ
776 2932 792 2967 ὁ
825 2929 930 2974 δεξιὸς
963 2932 1071 2976 ποῦς,
1095 2929 1154 2967 καὶ

138 2987 214 3024 ὅλον
230 2987 267 3025 τὸ
287 2987 406 3039 μέρος,
428 2989 625 3040 ἀρσενικόν·
649 2988 706 3026 καὶ
732 2989 771 3027 τὸ
792 2989 967 3038 εὐώνυμον
989 2987 1152 3035 θηλυκόν·

140 3047 184 3087 ὣς
220 3045 334 3083 ἰδόντα
370 3046 445 3085 τινὰ
482 3048 701 3098 ἐκπλαγῆναι
743 3046 805 3094 τὴν
839 3046 1040 3099 σύγκρισιν,
1083 3049 1156 3089 πῶς

143 3103 341 3153 ἀδιαιρέτως
373 3105 464 3142 ἐστὶν
500 3106 583 3143 ἰδεῖν
617 3104 678 3152 τὴν
722 3105 952 3156 ἀνομοιότητα
989 3107 1058 3142 τῶν
1096 3104 1156 3143 δύο

141 3162 295 3212 πλευρῶν
317 3163 350 3199 ἐν
369 3163 416 3199 ἑνὶ
438 3163 587 3213 σώματι.
619 3163 678 3202 Ἔν
699 3163 810 3217 τούτῳ
829 3167 878 3216 τῷ
904 3164 1081 3216 ἀνδριάντι
1098 3164 1156 3202 λέ-

143 3233 242 3269 γουσι
264 3220 451 3271 γεγλύφθαι
479 3221 557 3272 περὶ
584 3223 642 3260 τὸν
665 3223 771 3272 μαζὸν
796 3222 852 3260 τὸν
880 3222 984 3266 δεξιὸν
1038 3222 1158 3269 ἥλιον·

143 3276 203 3314 καὶ
231 3277 307 3327 περὶ
338 3276 391 3314 τὸν
415 3279 589 3330 ἀριστερὸν
606 3310 616 3329 ,
647 3280 811 3327 σελήνην.
871 3280 943 3319 Καὶ
969 3280 1060 3318 κατὰ
1088 3282 1156 3318 τῶν

145 3333 204 3372 δύο
238 3334 427 3386 βραχιόνων
453 3335 556 3388 τέχνῃ
587 3338 776 3390 γεγλύφθαι
808 3338 963 3389 ἀγγέλων
993 3338 1158 3390 ἀριθμὸν,

145 3392 204 3430 καὶ
225 3392 307 3445 ὄρη,
322 3392 381 3430 καὶ
403 3394 601 3446 θάλασσαν,
621 3396 682 3434 καὶ
700 3397 857 3447 ποταμὸν
872 3427 882 3447 ,
900 3397 958 3435 καὶ
979 3398 1130 3436 ὠκεανὸν
1144 3426 1154 3443 ,

1168 3467 1220 3504 68

1260 861 1324 900 Qui
1342 870 1381 894 eo
1399 862 1547 903 tempore
1558 886 1566 901 ‚
1588 870 1655 902 quo
1682 861 1864 895 Antoninus
1878 864 2058 907 Imperator
2073 875 2116 899 ex
2140 855 2269 902 Emisis

1218 928 1251 959 in
1275 926 1399 967 Syriam
1419 926 1644 967 descenderet,
1660 928 1870 962 Bardisanem
1887 929 1996 967 virum
2009 934 2056 964 ‘ex
2072 933 2260 974 Mesopota-
2292 946 2294 949 ⁴

1220 995 1286 1027 mia
1302 994 1478 1027 oriundum
1507 1003 1704 1036 convenere,
1722 997 1900 1031 narrabant
1913 1007 1991 1032 eum
2007 999 2130 1042 scripto
2145 1000 2272 1043 prodi-5

1220 1057 1327 1098 disse,
1343 1066 1416 1090 esse
1437 1057 1545 1089 adhuc
1574 1057 1661 1099 apud
1681 1058 1780 1091 Indos
1804 1059 1914 1092 lacum
1941 1069 2041 1102 quem
2056 1061 2260 1103 probationis
2292 1071 2294 1073 ·

1219 1121 1348 1152 vocant.
1366 1120 1416 1152 Ad
1435 1120 1525 1152 hunc
1536 1145 1544 1160 ‚
1563 1120 1592 1152 si
1610 1120 1684 1162 quis
1702 1121 1859 1154 Indorum
1877 1122 2014 1164 alicujus
2035 1123 2182 1158 criminis
2201 1133 2260 1158 ac·

1220 1189 1352 1221 cusetur
1383 1190 1417 1221 et
1447 1189 1572 1221 factum
1594 1190 1711 1230 neget,
1737 1189 1914 1223 adducitur
1936 1205 1945 1224 ι
1972 1191 2031 1228 ,ubi
2054 1192 2203 1225 nonnulli
2218 1201 2259 1226 ex
2291 1187 2294 1210 ἶ

1219 1258 1426 1291 Brachmanis
1444 1267 1521 1291 eum
1537 1258 1600 1290 hoc
1619 1257 1717 1290 modo
1733 1259 1931 1292 examinant.
1977 1259 2126 1292 Primum
2142 1269 2185 1293 ex
2197 1260 2260 1294 ho-
2287 1275 2294 1308 -j

1220 1326 1305 1359 mine
1335 1327 1507 1367 quaerunt,
1532 1336 1612 1359 num
1633 1335 1728 1368 aquae
1751 1326 1840 1359 illius
1866 1336 2000 1360 examen
2028 1327 2141 1361 subire
2163 1327 2257 1362 velit.

1219 1394 1254 1426 Si
1271 1396 1422 1434 recuset,
1443 1396 1481 1427 ut
1499 1403 1595 1427 reum
1616 1394 1657 1427 ad
1675 1394 1835 1436 judicium
1852 1395 2027 1428 remittunt
2047 1408 2056 1427 ι
2078 1394 2108 1428 si
2122 1404 2261 1432 examen
2290 1379 2294 1407 ἰ

1219 1459 1354 1500 probet,
1375 1459 1589 1492 introducunt
1610 1468 1687 1498 eum
1710 1459 1777 1492 una
1802 1469 1879 1492 cum
1898 1460 2165 1502 accusatoribus3
2182 1470 2262 1505 nam
2292 1455 2294 1461 ²

1219 1523 1253 1554 et
1282 1522 1345 1563 ipsi
1367 1522 1400 1554 in
1419 1531 1539 1563 aquam
1567 1521 1774 1555 descendunt
1787 1547 1795 1562 ,
1817 1523 1855 1554 ut
1873 1522 2087 1564 explorentur
2109 1523 2258 1565 nunquid
2286 1508 2294 1573 {³

1220 1587 1304 1619 sorte
1324 1588 1404 1619 salso
1420 1588 1586 1620 accusent.
1611 1588 1794 1620 Transeunt
1806 1596 1884 1638 ergo
1899 1589 2063 1629 quotquot
2080 1587 2115 1620 in
2137 1596 2257 1630 aquam

1219 1649 1455 1682 descenderunt
1473 1650 1507 1681 in
1524 1649 1697 1682 adversam
1713 1650 1839 1691 partem
1861 1649 1979 1683 lacus:
1999 1650 2095 1691 cujus
2116 1651 2258 1685 altitudo
2292 1665 2294 1669 ·

2282 1609 2294 1831 Ξ

1220 1724 1283 1747 non
1307 1715 1392 1747 ultra
1410 1724 1515 1757 genua
1532 1714 1786 1757 ingredientium
1804 1714 1962 1748 ascendit.
2007 1710 2054 1748 Si
2060 1725 2137 1759 ergo
2155 1716 2185 1750 is
2200 1717 2261 1759 qui

1218 1775 1326 1807 lacum
1345 1775 1525 1817 ingreditur
1540 1776 1638 1818 culpa
1653 1777 1779 1817 careat,
1799 1777 1987 1819 impavidus
2005 1772 2123 1811 transit
2135 1802 2144 1815 .
2168 1787 2255 1820 aqua

1796 1842 1830 1874 Si
1852 1842 1885 1874 in
1908 1842 2005 1884 culpa
2023 1843 2086 1883 sit,
2105 1851 2185 1876 mox
2199 1842 2259 1877 ubi

1219 1903 1351 1944 paulum
1363 1912 1555 1945 progressus
1572 1903 1670 1936 suerit
1690 1903 1796 1945 capite
1811 1905 1909 1936 tenus
1929 1913 2022 1945 aquae
2034 1904 2249 1946 immergitur.

1219 1969 1303 2000 Tum
1321 1968 1544 2001 Brachmanes
1559 1970 1746 2001 extractum
1764 1978 1805 2001 ex
1821 1978 1907 2010 aqua
1922 1969 2038 2002 vivum
2052 1969 2116 2002 illis
2126 1969 2263 2006 tradunt

1219 1841 1305 1873 ultra
1323 1850 1427 1882 genua
1452 1851 1517 1873 non
1535 1842 1751 1884 pertingente.

1220 2035 1276 2076 qui
1294 2035 1498 2068 adduxerant
1519 2049 1526 2068 :
1541 2035 1723 2078 jubentque
1737 2036 1910 2078 castigari,
1923 2035 2012 2068 nulla
2031 2035 2066 2068 in
2080 2044 2160 2069 eum
2175 2034 2282 2069 mor-„1

1220 2101 1263 2134 tis
1298 2102 1459 2134 sententia
1475 2102 1542 2134 lata
1574 2115 1582 2133 z
1608 2101 1705 2142 idque
1730 2110 1804 2133 raro
1823 2110 1887 2133 usu
1905 2100 2029 2142 venire,
2047 2100 2137 2142 quod
2162 2083 2278 2134 nemo?

1222 2168 1346 2200 factum
1363 2177 1481 2210 negare
1499 2167 1586 2200 ausit
1604 2167 1646 2199 ob
1667 2167 1874 2208 propositum
1894 2175 1988 2209 aquae
2009 2175 2158 2198 examen.
2203 2168 2264 2200 At-

1224 2243 1288 2275 que
1303 2235 1364 2267 hac
1382 2234 1517 2276 quidem
1538 2243 1623 2276 aqua
1640 2241 1821 2275 spontanea
1839 2232 1958 2265 delicta
1979 2232 2067 2274 apud
2083 2231 2182 2265 Indos
2204 2241 2263 2265 ex-

1218 2298 1353 2340 plorari.
1398 2301 1478 2330 Esse
1497 2299 1608 2330 autem
1633 2297 1730 2330 aliam
1748 2305 1822 2338 quae
1841 2298 1911 2328 tam
1931 2295 2133 2337 voluntaria,
2160 2303 2272 2337 quam-

1223 2366 1440 2398 involuntaria
1452 2392 1460 2406 ‚
1476 2365 1621 2407 quinimo
1640 2373 1770 2396 omnem
1786 2363 1892 2395 vitam
1913 2363 2003 2395 recte
2023 2362 2132 2394 actam
2149 2359 2270 2405 expio-⁴

1222 2432 1283 2463 ret.
1328 2434 1376 2463 De
1408 2440 1473 2472 qua
1503 2429 1717 2468 Bardisanes‚
1741 2428 1792 2470 cuj
1802 2437 1842 2459 us
1870 2426 1972 2460 verba
2000 2434 2183 2468 apponam,
2214 2425 2264 2459 sic

1224 2495 1336 2528 scribit
1355 2509 1363 2527 ι
1382 2495 1514 2528 aiebant
1530 2495 1564 2527 et
1585 2495 1718 2526 antrum
1733 2492 1883 2524 nativum
1899 2491 2038 2532 ingentis
2058 2488 2267 2537 magnitudi-

1227 2631 1311 2654 esse.
1356 2624 1394 2654 In
1415 2622 1470 2654 illo
1489 2622 1584 2654 antro
1608 2621 1717 2653 siat-ua
1734 2620 1785 2652 est
1807 2618 1941 2656 decem,
1967 2618 2005 2649 ut
2030 2616 2172 2656 videtur,
2205 2615 2265 2648 aut

1227 2687 1402 2720 duodecim
1432 2686 1618 2719 cubitorum
1631 2711 1639 2726 ‚
1668 2684 1786 2717 habitu
1809 2683 1940 2721 erecto3
1959 2681 2111 2714 manibus
2132 2681 2167 2712 in
2195 2680 2263 2717 for:

1229 2763 1315 2785 mam
1347 2752 1455 2784 crucis
1483 2751 1645 2788 extensis3
1666 2750 1760 2792 cujus
1787 2748 1926 2781 dextera
1946 2746 2040 2779 faciei
2064 2754 2143 2788 pars
2159 2744 2192 2778 v·
2234 2735 2263 2752 “’

1227 2819 1297 2858 est3
1319 2817 1450 2850 sinistra
1465 2816 1645 2849 muliebris.
1690 2816 1796 2856 Atque
1809 2813 1925 2846 eadem
1939 2811 2065 2845 ratione
2079 2794 2264 2851 brachiumss

1228 2892 1266 2914 ac
1298 2891 1376 2924 pes,
1409 2883 1584 2922 totumque
1626 2880 1802 2912 dexterum
1832 2878 1919 2910 latus
1949 2875 2044 2908 virile
2058 2899 2068 2916 ‚
2096 2874 2191 2907 sinist

1227 2957 1306 2980 vero
1324 2947 1483 2979 muliebre
1503 2960 1511 2978 :

1230 3151 1305 3175 nem
1341 3142 1484 3174 videant.

1230 3206 1430 3247 insculptum
1451 3214 1524 3238 esse
1551 3205 1662 3246 aiunt,
1684 3204 1827 3237 sinistrae
1845 3204 1981 3235 Lunam.
2025 3200 2067 3231 Et
2083 3197 2118 3230 in
2135 3196 2263 3230 duobu‘

1231 3270 1373 3302 brachiis
1403 3263 1576 3311 sculptoris
1604 3271 1674 3301 arte
1698 3277 1853 3310 magnum
1881 3272 2054 3298 numerum
2075 3261 2231 3304 augeloru

1231 3343 1439 3375 expressum,
1469 3336 1652 3375 caeteraque
1673 3342 1747 3374 quae
1767 3331 1890 3364 mundo
1912 3328 2119 3362 continentur
2140 3337 2148 3357 ι
2170 3324 2263 3358 vide.

1232 3399 1310 3432 licet
1324 3401 1440 3433 eoelum
1454 3425 1462 3440 ‚
1479 3403 1608 3433 montes
1619 3425 1627 3441 ,
1640 3409 1747 3439 mare,
1766 3398 1903 3431 fluvium
1915 3422 1923 3438 ‚
1941 3403 2111 3433 oceanum,
2125 3391 2252 3435 plantas
