2294 3620
138 163 191 204 το
1047 154 1365 194 BARDESANE.

1158 262 1180 311 g
1209 263 1248 300 a.

141 355 386 410 [Ponrnnn,
404 356 553 391 Eximit
567 355 618 390 dcc
640 355 673 389 Τ
669 355 767 389 raite'
778 353 825 388 de
842 351 1079 387 [abstinence
1094 351 1142 386 de
1162 351 1198 385 la
1211 349 1322 384 chezir
1337 349 1402 383 des
1417 350 1616 391 animam,
1644 345 1724 398 περὶ
1740 348 1878 399 ἀποχῆς
1899 348 2082 402 ἐμψύχων.
2107 354 2191 390 Liv.
2210 351 2276 395 IV.
2291 361 2294 364 '

1060 430 1172 479 §517
1192 437 1228 466 et
1251 427 1342 479 18-]

193 649 214 698 S
229 661 271 687 17.
287 646 406 685 Ἰνδῶν
423 645 489 697 γὰρ
508 647 571 691 τῆς
589 642 765 686 πολιτείας
780 643 826 685 εἷς
845 641 958 680 πολλὰ
974 639 1164 691 νενεμημέ-

139 723 199 754 νης
212 737 221 751 ,
241 705 314 743 ἔστι
334 721 367 743 τι
387 703 481 755 γένος
503 702 585 755 παρ’
615 703 729 744 αὐτοῖς
748 701 786 739 τὸ
815 702 882 737 τῶν
902 700 1091 751 θεοσόφων,
1109 697 1165 743 οὒς

140 762 445 823 Γυμνοσοφιστὰς
437 763 554 800 καλεῖν
581 761 740 798 εἰώθασιν
757 758 940 804 (ἫΕλληνες
965 757 1106 796 Τούτων
1128 757 1163 795 δὲ

140 823 199 862 δύο
231 821 398 874 αἱρέσεις·
419 825 466 859 ὧν
492 835 552 867 της
581 818 642 870 μὲν
674 821 882 870 Βραχμᾶνες
911 813 1162 869 προΐστανται,

139 885 200 929 τῆς
221 881 257 920 δὲ
279 880 489 931 Σαμαναῖοι.
549 878 640 916 Ἀλλ’
662 878 692 914 οἱ
713 875 776 927 μὲν
803 878 1014 927 Βραχμᾶνες
1038 875 1078 912 ἐκ
1097 873 1166 925 γε’-

140 956 217 984 νους
235 938 455 991 διαδέχονται
475 936 592 988 ὥσπερ
620 933 795 987 ἱερατείαν
818 933 879 980 τὴν
901 933 1063 980 τοιαύτην
1086 936 1163 971 θεο-

140 999 285 1052 σοφίαν,
307 1000 507 1047 Σαμαναῖοι
527 995 563 1032 δὲ
586 994 729 1045 λογάδες
748 992 834 1031 εἰσὶν
852 995 920 1030 κάκ
935 994 1003 1030 τῶν
1029 994 1165 1044 βουλη-

138 1058 262 1096 θέντων
283 1055 452 1108 θεοσοφεῖν
472 1052 792 1104 συμπληρούμενοι.
848 1050 897 1089 Γ
881 1066 956 1103 χει
974 1050 1009 1088 δὲ
1027 1050 1071 1088 τὰ
1086 1053 1165 1089 κατ’

139 1116 260 1158 αὐτοὺς
281 1118 399 1152 τοῦτον
419 1112 476 1150 τὸν
496 1111 622 1163 τρόπον
635 1140 644 1158 ,
663 1113 707 1153 ὡς
728 1109 957 1160 Βαρδησάνης
980 1109 1068 1161 ἀνὴρ
1087 1111 1165 1148 Βα-

138 1174 299 1216 ὅυλώνιος
316 1173 371 1210 ἐπὶ
389 1173 454 1208 τῶν
472 1169 630 1222 πατέρων
654 1171 750 1218 ἡμῶν
770 1167 918 1220 γεγονὼς
936 1168 995 1206 καὶ
1013 1167 1164 1220 ἐντυχὼν

135 1234 204 1276 τοῖς
223 1231 300 1283 περὶ
325 1229 502 1279 Δάνδαμιν
521 1230 574 1279 (1)
593 1227 830 1278 πεπεμμένοις
853 1227 975 1270 Ἰνδοῖς
1004 1227 1091 1278 πρὸς
1107 1227 1164 1266 τὸν

137 1290 300 1341 Καίσαρα
318 1289 524 1340 ἀνέγραψεν.
543 1287 678 1329 Πάντες
695 1285 762 1339 γὰρ
783 1287 993 1338 Βραχμᾶνες
1008 1285 1082 1330 ἑνός
1099 1287 1165 1324 εἰσι

135 1349 263 1399 γε’νους·
285 1346 317 1391 ἐξ
345 1346 418 1390 ἑνὸς
446 1345 516 1398 γὰρ
535 1345 668 1397 πατρὸς
702 1345 762 1382 καὶ
784 1360 865 1394 μιας
885 1344 1017 1396 μητρὸς
1041 1345 1166 1389 πάντες

133 1407 346 1458 κατάγουσι·
379 1405 618 1454 Σαμαναῖοι
599 1403 634 1441 οὲ
657 1405 719 1442 οὒκ
740 1402 806 1441 εἰσι
830 1418 889 1440 του
911 1404 1063 1454 adrev&
1067 1403 1076 1455 )
1110 1403 1165 1453 γέ-

133 1482 222 1517 νους,
241 1464 316 1504 ἀλλ’
336 1466 374 1503 ἐκ
387 1463 515 1507 παντὸς
532 1467 591 1501 τοῦ
602 1465 669 1500 τῶν
682 1462 800 1502 Ἰνδῶν
810 1461 971 1510 ἔθνους(
956 1478 1001 1505 υς
1015 1461 1165 1514 ἔφαμεν,

136 1523 412 1574 συνειλεγμένοι·
445 1521 524 1560 οὔτε
552 1521 589 1560 δὲ
623 1520 848 1573 βασιλεύεται
883 1520 1058 1573 Βραχμὰν
1088 1523 1164 1559 οὔτε

135 1584 290 1623 συντελεῖ
310 1599 342 1620 τι
361 1585 432 1625 τοῖς
451 1582 579 1625 ἄλλοις.
637 1580 782 1619 Τούτων
805 1579 841 1618 δὲ
861 1581 892 1618 οἳ
918 1579 1118 1632 φιλόσοφοι,
1134 1582 1166 1618 οἱ

137 1642 198 1692 μὲν
225 1644 259 1680 ἐν
287 1641 358 1695 ὄρει
385 1643 560 1688 οἰκοῦσιν,
584 1642 614 1678 οἱ
641 1637 677 1677 δὲ
711 1638 792 1691 περὶ
819 1639 961 1690 Γάγγην
987 1639 1163 1690 ποταμόν.

141 1703 328 1741 Σιτοῧνται
350 1701 385 1738 δὲ
405 1701 436 1737 οἳ
467 1699 528 1749 μὲν
548 1698 652 1751 ὄρειοι
675 1698 736 1745 τήν
763 1714 800 1736 τε
827 1698 967 1749 ὀπώραν
992 1698 1052 1736 καὶ
1075 1699 1165 1746 γάλα

139 1760 248 1812 βόειον
271 1758 431 1812 βοτάναις
449 1757 559 1810 παγὲν
575 1789 584 1805 ,
605 1759 636 1795 οἱ
654 1756 689 1795 δὲ
710 1756 790 1808 περὶ
809 1756 866 1794 τὸν
888 1757 1031 1808 Γάγγην
1052 1759 1091 1795 ἐκ
1104 1761 1166 1805 τῆς

137 1818 295 1870 ὄπωρας,
314 1818 337 1864 ἣ
363 1818 478 1863 πολλὴ
499 1816 580 1869 περὶ
600 1832 657 1854 τον
678 1815 835 1867 ποταμὸν
856 1821 1032 1886 γεννᾶται.
1091 1817 1164 1856 Φέ-

139 1893 188 1929 ρει
208 1877 243 1915 δὲ
260 1881 281 1924 ἡ
298 1892 343 1927 γη
360 1875 482 1928 σχεδὸν
498 1875 632 1928 καρπὸν
651 1875 702 1913 ἀει
722 1875 797 1913 νέον
813 1890 873 1912 και
894 1875 1011 1925 μέντοι
1030 1876 1088 1913 καὶ
1101 1876 1164 1923 τὴν

136 1936 259 1989 ὄρυζαν
280 1935 413 1981 πολλήν
428 1950 465 1972 τε
485 1934 547 1972 καὶ
565 1934 759 1984 αὐτόματον
776 1963 786 1982 ‚
808 1950 830 1986 ῃ
851 1936 1006 1986 χρῶνται
1022 1932 1103 1972 σ’ταν
1126 1935 1164 1973 τὸ

137 1999 198 2042 τ’ἧς
215 1994 353 2044 ὀπώρας
371 1993 549 2044 ἐπιλείπῃ.
605 1992 658 2032 Τὸ
679 1992 707 2030 δ’
729 1992 834 2030 ἄλλου
855 1992 946 2036 τινὸς
969 1993 1161 2046 ἅψασθαι
1142 2011 1164 2040 η

135 2054 223 2097 ὅλως
241 2053 346 2104 θιγεῖν
363 2051 523 2104 ἐμψύχου
542 2055 670 2104 τροφῆς
688 2051 761 2090 ἴσον
782 2050 842 2089 καὶ
860 2055 903 2104 τῇ
921 2053 1053 2104 ἐσχάτῃ
1073 2054 1165 2091 ἀκα-

135 2111 261 2167 (lupe-(05
276 2127 313 2150 τε
333 2111 392 2150 καὶ
409 2110 554 2163 &caesia
574 2110 783 2161 νενόμισται.
840 2111 912 2149 Καὶ
932 2116 1031 2149 τοῦτο
1051 2112 1165 2156 αὐτοῖς

134 2171 172 2209 τὸ
193 2171 305 2222 δόγμα
317 2186 326 2194 ·
343 2169 569 2222 θρησκεύουσί
588 2185 624 2207 τε
641 2169 680 2207 τὸ
698 2173 785 2207 θεῖον
806 2169 867 2207 καὶ
887 2170 1069 2208 εὐσεὸοῧσι
1085 2171 1164 2223 περὶ

137 2229 244 2276 αὐτὸ,
275 2231 506 2281 καθορῶνται.
563 2229 633 2267 Τὸν
662 2228 774 2267 τοίνυν
800 2227 925 2280 χρόνον
951 2231 1012 2275 τῆς
1031 2229 1164 2281 ἡμέρας

135 2289 195 2326 καὶ
214 2292 276 2335 τ’ἧς
295 2289 415 2332 νυκτὸς
431 2287 488 2326 τὸν
503 2289 664 2326 πλεῖστον
685 2289 731 2330 εἷς
745 2287 871 2337 ὕμνους
889 2290 957 2325 τῶν
971 2291 1056 2326 θεῶν
1078 2289 1163 2327 ἀπέ-

134 2363 256 2398 νειμαν
288 2347 347 2385 καὶ
385 2347 507 2399 εὐχὰς,
531 2346 678 2385 ἑκάστου
711 2346 800 2384 ἰδίαν
835 2347 993 2394 καλύὸην
1027 2347 1165 2398 ἔχοντος

135 2407 192 2444 καὶ
210 2409 255 2450 ὡς
274 2405 324 2444 ἔνι
345 2406 499 2457 μάλιστα
514 2405 714 2450 ἷδιάζοντος.
774 2407 882 2456 Κοινῇ
902 2404 968 2458 γὰρ
987 2408 1163 2458 Βραχμᾶ-

134 2481 187 2508 νες
220 2465 333 2515 μένειν
366 2467 428 2504 οὒκ
458 2465 641 2517 ἀνέχονται
671 2463 748 2502 οὐδὲ
779 2464 894 2503 πολλὰ
924 2465 1162 2517 διαλέγεσθαι·

137 2524 211 2562 ἀλλ’
238 2524 319 2562 ὅταν
339 2528 440 2562 τοῦτο
460 2524 599 2576 συμὸῇ,
629 2523 925 2576 ἀναχωρήσαντες
951 2524 1010 2562 ἐπὶ
1032 2524 1165 2568 πολλὰς

137 2582 267 2635 ἡμέρας
286 2585 322 2621 οὗ
344 2583 572 2636 φθέγγονται,
595 2583 764 2626 πολλάκις
786 2582 822 2620 δὲ
856 2583 915 2620 καὶ
941 2582 1160 2629 νηστεύουσι.

139 2642 336 2691 Σαμαναῖοι
357 2641 391 2679 δὲ
413 2643 478 2682 εἶσὶ
499 2642 580 2692 μὲν,
598 2644 643 2685 ὡς
665 2642 796 2694 ἔφαμεν
811 2672 820 2688 ,
839 2642 999 2692 λογάδες.
1047 2641 1163 2681 ”Οταν

139 2698 173 2736 δὲ
205 2700 314 2751 μέλλῃ
347 2702 393 2744 εἷς
423 2701 461 2738 τὸ
494 2702 614 2751 τάγμα
641 2716 690 2743 τις
720 2699 977 2752 ἐγγράφεσθαι,
1005 2700 1164 2752 πρόσεισι

138 2760 207 2801 τοῖς
235 2758 382 2810 ἄρχουσι
402 2763 462 2806 τῆς
487 2759 643 2810 πόλεως,
663 2757 751 2796 ὅπου
781 2760 810 2796 δ’
840 2758 881 2797 ἂν
901 2759 991 2811 τύχῃ
1015 2762 1076 2806 τῆς
1098 2759 1164 2798 πό-

139 2818 223 2859 λεως
247 2816 269 2863 ἢ
290 2820 349 2863 τῆς
374 2817 520 2868 κώμης,
550 2817 610 2856 καὶ
643 2820 710 2855 τῶν
740 2818 931 2868 κτημάτων
962 2817 1164 2863 ἐξίστασται

142 2874 224 2927 (καὶ)
245 2875 359 2922 πάσης
379 2879 438 2922 τῆς
465 2877 574 2923 ἄλλης
593 2877 729 2924 οὐσίας,
746 2876 937 2929 ξυράμενος
958 2877 994 2915 δὲ
1011 2880 1071 2915 τοῦ
1092 2876 1163 2915 σώ-

142 2949 246 2981 ματος
274 2934 317 2971 τὰ
347 2934 494 2986 περιττὰ
512 2935 688 2984 λαμὸάνει
710 2935 835 2982 στολὴν
865 2936 983 2974 ἄπεισί
1008 2951 1045 2974 τε
1078 2936 1164 2988 πρὸς

143 2992 362 3040 Σαμαναίους
375 3023 384 3039 ,
407 2992 483 3031 οὔτε
510 2994 595 3045 πρὸς
615 2999 763 3045 γυναῖκα
784 2994 862 3032 οὔτε
880 2994 963 3047 πρὸς
982 2994 1110 3043 τέκνα,
1134 2997 1164 3034 εἲ

142 3049 239 3100 τύχοι
259 3066 295 3088 κε
299 3051 483 3101 κ·τηυε’νος,
505 3053 714 3106 ἐπιστροφὴν
734 3052 756 3099 ἤ
774 3069 850 3091 τινα
867 3053 967 3104 λόγον
983 3053 1034 3091 ἔτι
1050 3053 1164 3092 ποιού-

145 3121 243 3155 μενος
276 3108 297 3154 ἢ
324 3125 407 3160 προς
435 3111 535 3149 αὐτον
558 3113 645 3154 (Ὡως
675 3111 838 3161 νομίζων.
898 3111 971 3151 Καὶ
1003 3114 1070 3150 τῶν
1101 3112 1163 3162 μὲν

144 3164 269 3202 τέκνων
287 3169 303 3203 ὁ
322 3167 478 3217 βασιλευς
498 3169 663 3218 κήδεται,
681 3170 772 3213 ὅπως
786 3171 894 3222 ἔχωσι
913 3187 957 3209 τα
974 3173 1164 3223 ἀναγκαῖα,

145 3224 204 3267 τῆς
224 3222 258 3261 δε
282 3239 437 3296 γυναικος
459 3229 488 3264 οἳ
515 3229 648 3265 οἰκεῖοι.
707 3228 754 3267 ‘O
786 3229 821 3266 δὲ
844 3230 916 3281 βίος
937 3230 1006 3273 τοῖς
1037 3231 1165 3279 Σαμα-

146 3280 251 3323 ναίοις
284 3282 355 3319 ἐστὶ
382 3288 545 3328 τοιοῦτος·
603 3286 667 3330 ἔξω
696 3290 756 3333 τῆς
780 3287 912 3332 πόλεως
950 3288 1164 3342 διατρίὸουσι

1284 643 1302 683 §
1324 645 1371 674 17.
1395 643 1478 674 Nam
1495 651 1572 675 cum
1593 642 1752 675 Indorum
1770 644 1956 686 respublica
1975 646 2011 678 in
2028 647 2152 681 multas
2168 649 2281 690 partes

1240 700 1416 733 distributa
1449 700 1512 740 sit,
1547 709 1650 742 genus
1682 701 1850 742 quoddam
1877 703 2061 746 sapientum
2083 705 2172 748 apud
2189 706 2294 749 ipsos·

1240 761 1310 800 est,
1330 768 1413 800 quos
1440 760 1547 792 Graeci
1567 762 1861 803 Gymnosophistas
1876 773 1995 798 vocare
2018 769 2274 802 consueverunt.

1240 820 1366 850 Horum
1385 818 1461 850 duae
1479 819 1639 852 factiones
1659 822 1737 854 sunt
1748 846 1756 862 ,
1771 822 2014 856 Brachmanum
2029 824 2135 858 altera
2145 850 2156 866 ‚
2173 826 2276 860 altera

1239 879 1492 910 Samanaeorum.
1535 879 1756 913 Brachmanes
1781 889 1841 922 per
1859 882 1986 923 generis
2013 884 2277 927 successionem,

1238 946 1302 969 non
1321 946 1415 969 secus
1432 946 1471 969 ac
1487 938 1707 971 sacerdotium
1722 939 1911 981 hujusmodi
1927 941 2072 975 divinam
2087 943 2280 986 sapientiam

1241 995 1431 1028 admittunt.
1476 997 1636 1029 Samanaei
1659 998 1771 1031 selecti
1791 999 1926 1041 quidam
1954 1002 2051 1041 sunt,
2082 1002 2117 1034 et
2143 1011 2186 1035 ex
2205 1002 2280 1044 qui-

1238 1053 1379 1086 buslibet
1401 1054 1459 1095 qui
1475 1054 1596 1088 divinae
1613 1056 1780 1098 sapientiae
1794 1067 1830 1091 se
1851 1059 1981 1093 tradere
2001 1059 2186 1102 voluerint,
2199 1049 2280 1095 oon·

1239 1112 1337 1143 stant.
1382 1113 1503 1145 Eorum
1522 1113 1591 1145 vita
1604 1113 1647 1146 ad
1658 1114 1746 1147 hunc
1763 1116 1901 1149 modum
1912 1117 1984 1157 est,
1999 1117 2280 1164 quemadmodum

1237 1172 1437 1206 Bardesanes
1455 1173 1654 1215 Babylonius
1682 1177 1851 1209 memoriae
1877 1177 2003 1219 prodit,
2031 1179 2090 1220 qui
2115 1180 2280 1222 majorum

1238 1235 1425 1267 nostrorum
1454 1237 1652 1277 tempestate
1673 1237 1818 1278 exstitit,
1853 1247 1930 1271 cum
1953 1236 2083 1281 illisque
2108 1240 2200 1273 Indis
2225 1242 2283 1275 est

1238 1297 1409 1336 versatus,
1430 1297 1485 1337 qui
1501 1306 1578 1330 cum
1596 1298 1758 1331 Dandami
1778 1299 1872 1332 missi
1892 1300 1933 1333 ad
1956 1301 2122 1334 Caesarem
2137 1301 2279 1335 fuerant.

1238 1359 1458 1391 Brachmanes
1487 1359 1573 1391 enim
1594 1368 1708 1392 omnes
1727 1360 1826 1393 unius
1853 1363 1933 1394 sunt
1949 1362 2096 1404 generis,
2117 1371 2159 1396 ex
2181 1363 2281 1396 unius

1238 1421 1340 1461 patris
1355 1421 1518 1462 uniusque
1537 1422 1654 1454 matris
1672 1422 1796 1465 origine
1812 1432 1926 1457 omnes
1945 1423 2102 1466 deductu
2118 1426 2280 1460 Samanaei

1239 1490 1319 1513 vero
1338 1491 1402 1514 non
1420 1482 1466 1514 ita
1479 1508 1486 1522 ‚
1503 1482 1562 1526 sed
1578 1492 1620 1516 ex
1636 1484 1726 1516 omni
1742 1484 1900 1517 Indorum
1919 1486 2014 1527 gente
2026 1511 2035 1526 ‚
2059 1487 2098 1519 ut
2109 1486 2178 1529 jam
2193 1487 2281 1520 dixi-

1239 1553 1313 1577 mus
1329 1570 1336 1585 ,
1352 1545 1492 1577 collecti.
1537 1547 1648 1587 Neque
1661 1546 1761 1588 igitur
1778 1546 1839 1579 sub
1854 1556 1956 1589 regno
1971 1547 2094 1590 degunt
2107 1549 2282 1583 Brachma-

1239 1616 1295 1639 ncs
1306 1632 1314 1647 ,
1334 1617 1442 1649 neque
1460 1608 1596 1650 reliquis
1613 1609 1744 1642 civibus
1762 1604 2018 1642 adnumerantur
2039 1622 2046 1643 :
2064 1611 2123 1644 sed
2142 1621 2184 1644 ex
2200 1610 2281 1654 ipsis

1238 1669 1261 1701 ii
1279 1669 1336 1710 qui
1351 1670 1536 1712 philosophi
1561 1673 1654 1712 sunt,
1672 1671 1728 1704 alii
1749 1671 1783 1704 in
1802 1668 1932 1714 monte,
1957 1673 2013 1708 alii
2029 1673 2118 1716 apud
2136 1676 2281 1716 Gangem

1238 1733 1375 1766 ssuvIum
1400 1735 1563 1767 habitant.
1608 1738 1655 1767 Ac
1680 1736 1828 1768 montani
1846 1736 1981 1778 quidem
2008 1737 2115 1779 pomis
2138 1739 2172 1770 et
2193 1737 2280 1772 lacte

1240 1794 1364 1828 bubulo
1388 1796 1501 1829 herbis
1520 1798 1689 1839 coagulato
1714 1800 1892 1830 vescuntur
1911 1810 1919 1830 :
1941 1798 2090 1832 fluviales
2107 1808 2150 1832 ex
2172 1800 2279 1841 pomis

1237 1859 1337 1891 etiam
1359 1859 1423 1900 ipsi
1442 1859 1568 1892 victum
1583 1862 1776 1902 comparant
1788 1887 1796 1902 ‚
1815 1869 1892 1902 quae
1907 1861 2013 1894 multa
2034 1862 2122 1904 apud
2140 1862 2280 1896 fluvium

1238 1923 1429 1954 nascuntur.
1475 1924 1575 1955 Terra
1602 1923 1688 1955 enim
1718 1923 1788 1956 fere
1815 1933 1945 1965 semper
1974 1925 2122 1957 recentes
2150 1925 2280 1958 fructus

1237 1983 1390 2025 producit
1414 1998 1421 2016 ι
1445 1984 1524 2025 quin
1552 1984 1654 2017 etiam
1680 1994 1787 2026 oryzae
1816 1985 1943 2027 copiam
1965 1987 2082 2027 sponte
2104 1988 2254 2027 procreat
2267 2011 2276 2027 ,

1242 2055 1328 2087 qua,
1350 2047 1378 2079 si
1396 2046 1527 2089 quando
1542 2055 1641 2088 poma
1659 2046 1858 2087 defecerint,
1874 2047 1924 2080 uti
1935 2056 2067 2090 quoque
2083 2049 2118 2080 in
2133 2048 2205 2081 cibo
2224 2057 2279 2082 so·

1237 2110 1316 2142 lent.
1362 2109 1459 2142 Aliud
1471 2118 1551 2142 vero
1567 2109 1735 2151 quidpiam
1748 2110 1923 2151 degustare
1934 2135 1942 2150 ‚
1960 2112 2019 2143 aut
2031 2110 2221 2144 alimentum
2237 2121 2280 2144 ex

1238 2170 1388 2203 animatis
1403 2171 1456 2203 vel
1472 2170 1604 2203 omnino
1620 2173 1751 2212 tangere
1767 2171 1987 2205 immunditiae
2005 2173 2163 2206 extremae
2181 2174 2280 2215 atque

1238 2234 1396 2275 impietati
1414 2242 1479 2265 non
1491 2232 1650 2265 dissimile
1663 2231 1751 2274 apud
1767 2233 1855 2274 ipsos
1870 2233 2021 2266 habetur.
2067 2234 2200 2268 Cultum
2217 2235 2280 2269 deo

1236 2299 1385 2341 religiose
1403 2308 1440 2331 ac
1457 2298 1510 2340 pie
1531 2298 1696 2330 exhibent.
1741 2298 1899 2339 Majorem
1921 2298 2008 2332 enim
2029 2298 2096 2332 diei
2131 2309 2170 2332 ac
2184 2299 2276 2334 nocti

1236 2364 1363 2404 partem
1387 2362 1519 2403 hymnis
1548 2361 1582 2393 in
1606 2361 1686 2393 deos
1711 2369 1749 2392 ac
1776 2360 1929 2402 precibus
1946 2360 2109 2394 dicarunt.
2154 2362 2277 2404 Singuli

1237 2429 1345 2460 tamen
1377 2428 1410 2459 in
1439 2426 1582 2470 propriis
1609 2424 1752 2467 tuguriis
1783 2426 1937 2464 manent,
1962 2427 1995 2458 et
2019 2434 2117 2467 quam
2138 2426 2280 2460 maxime

1237 2490 1309 2522 fieri
1329 2491 1438 2531 potest
1470 2488 1531 2521 soli
1549 2487 1731 2519 morantur.
1777 2485 1881 2519 simul
1896 2485 1982 2519 enim
2010 2487 2135 2520 versari
2155 2487 2280 2520 Brach-

1236 2558 1349 2581 manes
1377 2557 1416 2580 ac
1450 2547 1594 2579 multum
1620 2545 1762 2586 colloqui
1795 2554 1859 2577 non
1894 2545 2071 2578 admodum
2097 2546 2279 2588 patiuntur.

1235 2612 1298 2644 Sed
1325 2621 1401 2643 cum
1429 2611 1461 2643 id
1482 2611 1566 2642 sorte
1588 2608 1779 2651 contigerit,
1799 2608 1982 2640 recessione
2001 2608 2076 2641 inde
2107 2610 2216 2650 sacta,
2244 2609 2280 2642 in

1235 2672 1357 2703 multos
1385 2670 1456 2702 dies
1485 2672 1601 2711 postea
1629 2678 1693 2700 non
1715 2668 1904 2708 loquuntur.
1949 2668 2042 2708 Saepe
2069 2667 2169 2700 etiam
2188 2668 2276 2710 jeju·

1238 2732 1327 2762 nant.
1374 2728 1534 2762 Samanoei
1556 2736 1634 2760 vero
1654 2727 1762 2765 electi,
1783 2727 1821 2758 ut
1837 2725 1993 2767 diximus,
2013 2727 2102 2759 sunt.
2140 2728 2179 2759 In
2193 2735 2276 2768 quo-

1236 2805 1310 2828 rum
1329 2795 1500 2837 collegium
1525 2804 1603 2827 cum
1620 2793 1783 2835 quispiam
1799 2793 1851 2825 est
1871 2787 2101 2827 asciscendus,
2122 2785 2166 2818 ad
2185 2785 2275 2827 prin·

1236 2859 1324 2900 cipes
1341 2858 1484 2890 civitatis
1502 2859 1559 2890 aut
1576 2857 1641 2889 vici
1658 2856 1884 2898 cujuscunque
1901 2851 2001 2885 suerit
2015 2849 2160 2888 accedit,
2177 2849 2278 2889 atque

1235 2920 1282 2952 ibi
1300 2919 1395 2951 bonis
1418 2919 1486 2951 suis
1504 2918 1782 2958 facultatibusque
1802 2914 1954 2948 omnibus
1973 2909 2154 2954 repudiatis
2168 2919 2208 2942 ac
2225 2917 2279 2941 su-

1235 2990 1401 3024 pervacua
1428 2981 1517 3013 omni
1542 2980 1688 3022 corporis
1718 2981 1810 3021 parte
1833 2977 1972 3010 detonsa
1997 2974 2115 3007 stolam
2135 2969 2275 3013 accipit,

1236 3043 1335 3083 atque
1356 3040 1403 3072 ita
1428 3039 1517 3071 nulla
1538 3048 1644 3080 neque
1663 3038 1778 3070 uxoris
1803 3044 1911 3077 neque
1937 3034 2118 3067 liberorum
2137 3029 2167 3063 si
2190 3029 2276 3061 forte

1237 3103 1348 3135 adsint
1368 3101 1493 3134 ratione
1518 3101 1649 3142 habita,
1668 3100 1763 3142 quasi
1783 3099 1825 3131 ad
1843 3107 1878 3130 se
1895 3095 1977 3130 nihil
1993 3093 2123 3128 omnino
2137 3089 2276 3146 amplissf¹

1237 3165 1436 3208 pertineant,
1457 3166 1498 3197 ad
1521 3167 1707 3197 Samanaeos
1726 3160 1864 3195 recedit.
1908 3158 1988 3200 Regi
2002 3156 2180 3189 liberorum
2192 3152 2275 3185 edu-

1238 3227 1415 3260 candorum
1428 3253 1436 3267 ‚
1460 3227 1604 3269 cognatis
1621 3226 1734 3258 uxoris
1759 3232 1838 3257 cura
1868 3219 2075 3261 relinquitur.
2119 3214 2197 3248 Vita
2217 3215 2276 3246 Sa·

1238 3299 1440 3323 manaeorum
1461 3288 1649 3331 hujusmodi
1666 3289 1717 3320 est
1733 3300 1741 3319 ι
1785 3286 1878 3318 extra
1896 3282 2014 3315 urbem
2032 3277 2277 3312 commorantur

189 3423 231 3463 (ι)
254 3423 413 3465 Δαμάδμιν
441 3433 475 3457 se
500 3425 538 3458 lit
564 3425 644 3459 dans
662 3427 816 3468 quelques
827 3438 907 3461 msc.
923 3449 963 3456 -
979 3429 1023 3471 (2)
1041 3430 1146 3470 γένους
1163 3430 1275 3462 αὐτῶν.
