2294 3620
24 235 136 298 [anais
150 259 239 283 non
254 258 321 296 pas
340 245 548 282 seulement
566 243 588 280 ὲ
605 256 679 281 eux
691 274 700 291 ‚
719 257 859 281 encore
879 244 901 280 a
928 251 1014 280 tous
1032 244 1085 280 les

18 303 218 346 f'animaux
241 307 308 354 qui
329 311 396 342 ont
422 317 470 341 en
486 317 560 340 eux
578 316 654 340 une
670 304 775 350 εἴητε,
794 305 1088 354 quelques-unes

31 365 165 403 'meme
191 372 279 401 sont
304 363 567 414 particulieres
592 364 804 413 egalement
833 377 907 401 aux
937 364 1082 404 arbres.

15 424 115 482 Car
133 423 214 461 ceci
232 432 286 460 est
301 436 377 459 une
395 423 596 471 operation
617 423 804 471 physique
827 425 893 472 qui
908 435 1084 473 arrange,

15 483 203 535 ἓφιοᾱιιίῐ
222 490 260 519 et
283 482 418 518 etablit
434 482 581 531 chaque
602 482 730 528 chose,
748 484 855 519 selon
873 495 926 531 qu
929 482 966 518 'il
987 495 1009 518 a
1030 484 1088 519 ete'

14 523 160 605 ,ζῑπὲςΙὰ
182 542 306 587 Ainsi‚
328 542 380 578 les
397 542 573 578 animaux
592 542 780 577 obeissent
799 543 895 578 aussi
914 556 936 578 a
955 543 992 578 la
1009 544 1040 578 N
1044 555 1088 578 a·

19 582 38 605 *ᾖ
36 609 130 642 tute
148 601 241 640 dans
261 602 362 638 leurs
380 602 570 648 instinct53
588 613 652 637 car
670 602 705 637 le
724 602 803 637 lion
821 614 859 638 se
874 602 1026 638 nourrit
1041 602 1089 638 de

12 670 33 714 ᾗ,
44 661 164 710 chain,
183 661 287 697 selon
308 661 343 697 la
363 662 528 707 Nature,
547 667 584 697 et
605 661 652 697 de
670 674 793 698 meme
816 669 899 697 tous
917 662 970 698 les
988 662 1086 698 lions

10 724 131 774 ἰῗέοιιι
150 721 381 757 carnivores.
405 721 459 756 La
476 720 605 757 brebis
625 733 760 769 mange
777 720 825 756 de
841 720 1008 766 l'herbe,
1032 728 1085 767 et,

45 791 149 830 pour
162 787 260 817 cette
278 781 422 826 raison,
445 787 570 816 toutes
585 781 637 816 les
651 780 782 816 brebis
798 787 885 816 sont
903 780 1089 817 herbivo-

11 839 30 891 ι’
43 850 114 877 res.
145 839 331 876 L'abeille
355 839 517 888 produit
546 838 599 876 du
629 840 718 875 miel
746 839 842 875 dont
862 840 934 876 elle
954 840 1020 876 fait
1051 852 1091 876 sa

4 890 294 981 i{gf}nourriture,
321 906 371 948 et,
397 911 470 949 par
489 900 524 935 la
551 900 676 935 meme
704 900 851 945 raison,
883 906 1008 935 toutes
1038 900 1091 936 les

8 950 26 963 ⁹
16 957 200 995 abeilles
212 958 442 1008 pxoduisent
456 959 508 994 du
520 959 624 996 miel.
643 961 699 995 La
709 959 797 995 foui
800 959 852 994 mi
867 971 1007 995 amasse
1027 959 1092 995 des

0 1027 20 1062 ι’,ι
44 1019 261 1067 provisions
280 1018 453 1068 pendant
473 1018 559 1054 Pete
579 1017 656 1054 afin
685 1018 732 1054 de
755 1030 794 1054 se
817 1019 974 1054 noumir
995 1031 1088 1067 pen-

0 1063 36 1097 2
47 1076 142 1113 dant
167 1078 315 1126 l'hive1‚
335 1085 372 1114 et
391 1090 464 1127 par
486 1085 583 1114 cette
611 1078 740 1113 raison
758 1085 878 1114 tontes
902 1079 955 1114 les
983 1078 1092 1114 four-

0 1104 16 1175 11
47 1137 118 1172 mis
129 1139 292 1186 agissent
305 1137 353 1174 de
371 1138 506 1174 meme.
519 1139 574 1174 Le
587 1138 768 1185 scorpion
782 1138 900 1185 pique
913 1150 1004 1174 avec
1022 1150 1091 1173 son

0 1194 11 1240 ᾗ
48 1196 235 1245 aiguillon
255 1197 354 1233 celui
371 1198 438 1245 qui
464 1209 511 1233 ne
531 1197 585 1231 lui
603 1208 625 1232 a
649 1195 761 1245 point
779 1197 847 1232 fait
865 1197 911 1232 de
928 1197 1019 1242 mal,
1053 1204 1091 1232 et

0 1247 19 1296 ζῗ
47 1261 132 1291 tous
144 1256 197 1292 les
214 1257 415 1305 scorpions
438 1257 601 1305 piquent
622 1256 830 1304 egalement
849 1256 897 1292 de
917 1257 953 1292 la
969 1256 1091 1292 meme

0 1309 15 1363 3‘.
46 1314 228 1352 maniere.
245 1317 356 1352 Donc
378 1324 464 1351 tous
478 1315 531 1351 les
553 1315 735 1351 animaux
753 1315 943 1350 obeissent
968 1315 988 1350 a
1009 1315 1092 1351 leur

47 1374 205 1419 Nature,
233 1387 297 1410 car
325 1387 423 1410 ceux
449 1374 516 1422 qui
542 1386 580 1410 se
601 1374 836 1409 nourrissent
867 1373 1024 1409 d'herbe
1045 1387 1093 1410 ne

0 1429 6 1480 J
25 1455 35 1463 -
47 1440 227 1483 mangent
241 1434 353 1482 point
370 1433 416 1469 de
434 1433 554 1480 chair,
577 1440 614 1468 et
633 1445 729 1468 ceux
750 1433 817 1480 qui
842 1444 890 1468 ne
912 1441 1094 1480 mangent

2 1500 15 1535 3·
47 1493 158 1542 point
174 1492 331 1529 d’herbe
344 1505 383 1528 se
406 1493 621 1528 nourissent
633 1492 679 1528 de
695 1491 846 1527 viande.
868 1489 1094 1539 Cependant

0 1587 1 1590 ,
48 1552 100 1590 les
111 1553 285 1589 hommes
299 1565 347 1589 ne
365 1559 451 1588 sont
465 1564 533 1600 pas
544 1552 642 1600 regis
657 1551 704 1587 de
715 1552 750 1587 la
761 1551 884 1587 meme
900 1550 1089 1587 maniere·
1081 1580 1091 1597 ,

0 1625 3 1630 ·
7 1612 244 1659 toutefois,
264 1612 356 1648 dans
369 1613 422 1648 les
437 1611 568 1647 choses
583 1612 649 1659 qui
664 1611 959 1659 appar-tiennent
976 1623 997 1646 a
1011 1611 1094 1646 leui

2 1663 15 1698 3
49 1684 189 1722 cor,ps
207 1673 250 1708 ils
268 1671 488 1708 obeissent
477 1684 497 1707 a
514 1672 598 1707 leur
614 1672 757 1706 Natme
778 1683 927 1706 comme
943 1671 996 1706 les
1016 1671 1095 1706 ani-

50 1744 184 1778 maux3
201 1740 239 1768 et
256 1732 291 1768 d
283 1744 349 1767 ms
364 1732 417 1766 les
431 1731 561 1766 choses
576 1731 642 1778 qui
662 1742 782 1778 appui
787 1731 957 1765 tiennent
973 1729 993 1765 ὲ
1011 1730 1094 1766 leur

50 1793 181 1840 esprit,
210 1792 255 1827 ils
281 1791 442 1840 agissent
471 1790 577 1825 selon
604 1790 689 1825 leur
716 1790 889 1839 volonte‚
920 1790 1024 1824 etant
1054 1790 1092 1824 li·

8 1998 10 2003 f
50 1957 154 2011 φύσιν
176 1956 332 2009 φέρεται.
354 1953 456 1994 Λέων
477 1954 695 2008 σαρκοφαγεῖ
710 1952 772 1991 καὶ
793 1952 988 2004 ἀμύνεται,
1010 1951 1041 1989 εἴ
1061 1969 1095 1990 τι

6 2019 9 2026 “
52 2018 219 2068 ἀδικηθῇ·
237 2014 298 2054 καὶ
313 2014 488 2052 διὰτοῧτο
503 2013 630 2056 πάντες
645 2015 676 2051 οἳ
689 2011 824 2055 λέοντες
834 2015 1097 2064 σαρκοφαγοῦσι

53 2076 113 2115 καὶ
134 2073 344 2127 ἀμύνονται.
372 2072 443 2112 Καὶ
467 2071 619 2122 ἀμνάδες
635 2075 894 2124 χορτοφαγοῧσι
912 2071 971 2108 καὶ
987 2073 1097 2122 κρεῶν

52 2138 121 2189 οὐχ
134 2135 304 2173 ἅπτονται
318 2148 378 2171 και
394 2131 620 2183 ἀδικούμεναι
635 2132 695 2169 οὐκ
712 2129 916 2181 ἀμύνονται·
932 2129 992 2167 καὶ
1007 2131 1024 2166 ὁ
1036 2129 1098 2167 αὐ-

55 2211 111 2239 τος
122 2194 248 2248 τρόπος
264 2192 382 2240 πάσης
395 2190 563 2241 ἀμνάδος.
575 2190 751 2242 Σκορπίος
759 2206 824 2241 γην
837 2189 942 2227 ἐσθίει
952 2187 1099 2231 καιτους

55 2255 105 2306 μὴ
129 2253 366 2301 ἀδικήσαντας
383 2252 518 2298 ἀδικεῖ,
535 2249 668 2302 κέντρι)
689 2248 817 2302 ἷοὸόλῳ
838 2248 1020 2295 πλήσσων·
1039 2247 1099 2285 καὶ

0 2353 2 2355 ,
55 2317 79 2361 ἢ
102 2313 190 2361 αὐτὴ
207 2310 318 2351 κακία
337 2310 479 2349 πάντων
496 2310 686 2362 σκορπίων.
708 2307 864 2361 Μύρμηξ
885 2307 978 2346 κατὰ
998 2306 1100 2360 φύσιν

57 2368 129 2414 οἶδε
152 2387 326 2425 χειμωνος
343 2370 557 2422 παρουσίαν,
574 2385 634 2407 και
649 2368 690 2406 δι’
705 2367 788 2416 ὅλης
803 2367 936 2420 θερείας
956 2365 1099 2417 κάμνων

3 2458 6 2459 ⁷
60 2432 266 2471 ἀποτίθεται
289 2432 403 2483 ἑαυτῷ
424 2428 564 2483 τροφάς·
588 2429 648 2467 καὶ
666 2427 793 2478 ὁμοίως
811 2426 940 2470 πάντες
958 2425 1100 2478 μύρμη-

56 2508 116 2537 κες
134 2492 351 2544 ἐργάζονται.
370 2469 536 2528 Μέλισσα
557 2489 637 2538 μέλι
649 2494 818 2539 γεωργεῖ,
843 2485 876 2531 ἐξ
893 2480 932 2524 οὗ
951 2485 1012 2523 καὶ
1030 2485 1104 2537 τρέὸ

58 2567 174 2605 φεται·
195 2566 255 2589 και
275 2552 298 2596 ἢ
321 2547 410 2595 αὐτὴ
430 2546 584 2599 γεωργία
598 2547 731 2590 πάσαις
749 2546 947 2596 μελίσσαις
972 2544 1076 2583 Καὶ
1060 2561 1102 2591 ην

57 2610 173 2650 πολλὰ
196 2609 270 2657 ε’ίδη
299 2607 461 2647 ἐκθέσθαι
490 2610 575 2657 ἡμῖν
596 2622 664 2643 των
685 2606 804 2655 ζωων,
836 2604 938 2642 ἅτινα
958 2607 1019 2650 τῆς
1039 2603 1103 2656 φύ-

57 2686 146 2714 σεως
183 2668 232 2721 μὴ
254 2667 430 2740 δυνάμενα
462 2667 630 2712 ἐκστῆναι
659 2664 768 2703 πολυν
789 2662 1000 2714 θαυμασμὸν
1023 2678 1100 2701 πα-

62 2729 207 2783 ρασχεῖν
228 2731 314 2779 ἡμῖν
339 2725 518 2765 ἐδύναντο·
557 2725 633 2763 ἀλλ’
664 2723 824 2776 αὐτάρκη
852 2722 1043 2774 ἡγησάμην
1065 2723 1103 2760 ἐκ

62 2792 132 2828 τῶν
153 2786 424 2840 παρακειμένων
445 2784 509 2831 τὴν
531 2783 705 2827 ἀπόδειξιν
722 2782 963 2831 ποιήσασθαι,
985 2780 1038 2819 ὅτι
1058 2781 1101 2820 τὰ

62 2847 125 2900 μὲν
151 2847 241 2886 ἄλλα
265 2849 338 2892 ζωα
357 2844 449 2883 κατὰ
468 2843 533 2890 τὴν
555 2843 740 2891 κοινότητα
770 2841 830 2881 καὶ
849 2841 910 2888 τὴν
933 2840 1101 2894 διαφορὰν

59 2906 154 2946 κατα
174 2906 275 2959 φύσιν
295 2905 451 2944 δοθεῖσαν
473 2903 612 2954 ἑκάστῳ
633 2902 666 2946 ἐξ
689 2901 840 2953 ἀνάγκης
853 2900 963 2948 ἡδέως
982 2899 1104 2953 φέρον-

61 2982 141 3014 ται,
166 2966 343 3018 ἄνθρωποι
364 2963 400 3001 δὲ
421 2962 520 3012 μόνοι
543 2962 580 3000 τὸ
602 2960 814 3012 ἐξαίρετον”
796 2976 955 3013 εχοντες,
981 2960 1039 2999 τόν
1068 2976 1104 2998 τε

63 3029 143 3064 νοῦν
178 3023 320 3063 καὶτὸν
343 3024 382 3061 ἐκ
409 3021 532 3061 τούτου
562 3020 822 3074 προφερόμενον
856 3019 979 3069 λόγον,
1013 3018 1106 3058 κατὰ

66 3084 129 3135 μὲν
152 3082 213 3130 τὴν
236 3081 424 3128 κοινότητα
445 3080 590 3119 ἕπονται
612 3083 655 3132 τῇ
683 3079 808 3132 φύσει,
845 3082 892 3123 ὡς
913 3085 1101 3132 προεῖπον,

65 3143 160 3182 κατὰ
183 3142 279 3181 δὲτὸ
310 3140 483 3193 ἐξαίρετον
517 3141 555 3179 οὗ
583 3139 675 3178 κατὰ
715 3138 816 3193 φύσιν
851 3138 1105 3178 πολιτεύονται.

65 3202 159 3242 Οὐδὲ
179 3201 247 3255 γὰρ
266 3200 330 3251 μία
350 3202 476 3253 βρῶσις
496 3202 518 3246 ἡ
538 3201 607 3237 τῶν
628 3198 807 3236 ἁπάντων·
833 3198 935 3237 ἄλλοι
956 3197 1019 3249 μὲν
1039 3197 1106 3249 γὰρ

66 3261 157 3300 κατὰ
172 3260 250 3305 τοὺς
266 3259 410 3304 λέοντας
421 3258 621 3312 τρέφονται,
633 3258 734 3297 ἄλλοι
753 3259 788 3296 δὲ
801 3257 891 3297 κατὰ
906 3257 966 3301 τὰς
987 3257 1106 3308 ἀμνά-

68 3321 149 3371 δας,
175 3322 242 3371 οὐχ
264 3319 298 3358 ἓν
335 3318 473 3372 ἔχοντες
508 3321 634 3370 σχῆμα
670 3317 909 3370 φορημάτων,
942 3318 1003 3356 οὐκ
1033 3316 1108 3361 ἔθος

71 3378 124 3427 ἓν,
144 3381 210 3432 οὐχ
226 3374 272 3423 ε’ῗς
291 3379 396 3431 νόμος
416 3376 594 3422 πολιτείας
612 3378 646 3416 ἐν
668 3378 807 3428 αὐτοῖς,
832 3378 869 3416 οὗ
888 3377 952 3428 μία
974 3377 1107 3425 κίνησις

626 154 691 193 LE
719 153 872 193 LIVRE
902 152 970 192 DE
1000 150 1069 192 LA
1096 152 1179 192 Lol
1209 124 1305 192 DEs
1336 147 1613 194 CONTREES.
2068 141 2069 144 ’
2151 167 2201 205 77

1163 244 1264 290 bres,
1293 243 1576 292 independants
1599 253 1637 282 et
1671 248 1774 283 crees
1799 248 1820 284 a
1848 249 1996 300 l'image
2018 253 2066 289 de
2090 256 2200 292 Dieu-

1163 303 1408 348 Neanmoins,
1428 304 1454 338 il
1470 316 1495 352 y
1511 316 1559 340 en
1579 317 1600 340 a
1621 305 1686 352 qui
1699 315 1878 355 mangent
1894 308 1941 345 de
1961 311 1995 346 la
2013 313 2146 349 viande
2166 322 2204 351 et
2234 327 2237 331 ’

1158 362 1294 410 jamais
1315 362 1362 398 de
1392 363 1500 412 pain3
1526 364 1554 398 il
1582 376 1630 399 en
1647 372 1701 401 est
1717 367 1816 401 aussi
1845 368 1912 414 qui
1933 368 2015 404 font
2033 383 2107 407 une
2127 373 2202 410 dis·

1163 423 1326 458 tinction
1355 429 1462 458 entre
1484 421 1537 459 les
1564 423 1722 460 viandes
1752 423 1862 472 qu'ils
1886 436 2083 477 mangent,
2119 439 2156 467 et
2176 434 2202 468 il

1162 482 1240 518 s'en
1261 489 1396 518 trouve
1425 481 1590 519 d’autres
1618 482 1685 532 qui
1706 496 1753 519 ne
1773 496 1812 520 se
1830 487 2075 523 nourrissent
2093 491 2203 538 point

1164 541 1212 578 de
1231 542 1268 578 la
1293 542 1398 578 chair
1418 541 1512 578 d'un
1531 543 1670 579 animal
1690 555 1738 579 en
1756 544 1822 592 qui
1842 544 1951 581 l'ame
1967 547 2097 583 existe.
2120 549 2153 584 Il
2178 563 2202 598 y

1164 613 1212 637 en
1225 613 1248 637 a
1263 602 1361 638 aussi
1384 602 1450 650 qui
1467 609 1535 638 ont
1559 602 1621 639 des
1643 603 1824 639 relations
1844 604 2094 642 incestueuses
2115 619 2205 644 avec

1163 661 1265 697 leurs
1286 660 1421 707 meres,
1439 674 1529 698 avec
1550 662 1652 698 leurs
1675 674 1794 698 soeurs
1811 669 1847 699 et
1864 676 1953 700 avec
1972 665 2072 701 leurs
2090 664 2202 713 filles;

1163 720 1191 755 il
1213 732 1261 756 en
1287 728 1342 757 est
1367 722 1466 757 aussi
1492 722 1558 769 qui
1579 734 1628 758 ne
1655 721 1925 770 s'approchent
1940 722 2074 770 jamais
2091 725 2205 763 d’une

1164 779 1311 816 femme.
1333 781 1363 816 Il
1381 780 1460 816 s'en
1475 787 1609 817 trouve
1630 781 1789 818 d'autres
1811 782 1877 830 qui
1893 795 1932 818 se
1951 792 2115 832 vengent
2135 785 2157 821 a
2172 787 2207 822 la

1164 839 1333 876 maniere
1363 840 1429 876 des
1454 841 1550 876 lions
1569 848 1607 876 et
1627 840 1691 877 des
1710 842 1843 890 tigres3
1867 849 1905 877 et
1933 842 1960 877 il
1979 854 2025 878 en
2056 850 2110 880 est
2140 847 2207 892 qui

1164 899 1330 935 blessent
1369 900 1468 935 celui
1502 901 1568 948 qui
1598 913 1646 936 ne
1674 901 1764 947 uleur
1794 913 1815 937 a
1846 901 1914 936 fait
1957 914 2084 938 aucun
2114 905 2207 949 mal,

1166 971 1313 994 comme
1345 959 1398 995 les
1426 960 1641 1008 scorpions.
1665 961 1724 997 On
1755 973 1803 996 en
1823 968 1959 997 trouve
1980 974 2120 999 encore
2141 965 2208 1012 qui

1165 1030 1203 1053 se
1223 1019 1374 1054 laissent
1387 1031 1517 1054 mener
1534 1032 1682 1055 comme
1698 1019 1762 1055 des
1777 1020 1907 1056 brebis
1928 1027 1964 1056 et
1980 1033 2028 1057 ne
2043 1021 2125 1058 font
2141 1035 2210 1059 au-

1166 1090 1240 1112 cun
1266 1079 1342 1114 mal
1359 1077 1380 1114 a
1400 1091 1495 1114 ceux
1515 1079 1582 1126 qui
1611 1079 1663 1114 les
1689 1087 1952 1127 gouvernent;
1975 1080 2140 1118 d’autres
2170 1095 2209 1118 se

1166 1136 1392 1173 conduisent
1407 1138 1512 1173 selon
1525 1139 1578 1173 les
1593 1137 1712 1186 regles
1728 1138 1821 1174 dela
1837 1146 1959 1183 verm,
1981 1139 2145 1176 d’autres
2157 1154 2211 1177 se·
2230 1159 2233 1162 ·

1166 1196 1232 1231 lon
1249 1196 1362 1232 celles
1378 1196 1425 1232 de
1440 1197 1475 1232 la
1490 1197 1640 1243 justice,
1662 1195 1826 1233 d’autres
1851 1197 1953 1233 enfin
1971 1198 2085 1235 d'une
2098 1199 2210 1249 facon

1166 1255 1343 1292 vicieuse.
1383 1257 1429 1291 Et
1454 1257 1485 1291 si
1514 1256 1723 1304 quelqu'un
1751 1258 1879 1293 venait
1907 1270 1969 1293 me
1996 1257 2078 1294 dire
2101 1259 2211 1307 qu'ils

1167 1321 1236 1349 ont
1269 1315 1414 1350 chacun
1441 1314 1797 1352 individuellement
1824 1329 1898 1352 une
1933 1318 2077 1354 Nature
2109 1331 2211 1366 pour

1167 1374 1249 1422 agir
1269 1374 1376 1418 ainsi,
1392 1373 1498 1409 faites
1520 1375 1573 1409 lui
1590 1375 1675 1410 voir
1690 1375 1785 1423 qu'il
1803 1375 1890 1411 n'en
1906 1379 1962 1413 est
1978 1377 2074 1413 rien.
2098 1375 2172 1413 Car
2183 1379 2210 1413 il

1167 1432 1245 1468 s'en
1262 1439 1395 1468 trouve
1410 1434 1478 1481 qui
1491 1441 1577 1468 sont
1593 1433 1841 1470 fornicateurs
1863 1442 1900 1470 et
1912 1435 2103 1484 ivmgnes,
2124 1443 2162 1472 et
2180 1438 2210 1473 si

1168 1491 1480 1528 l’avertissement
1500 1492 1548 1528 de
1566 1493 1664 1528 bons
1684 1493 1844 1529 conseils
1867 1495 2047 1542 parvient
2061 1494 2210 1543 jusqu'a

1169 1564 1242 1587 eux
1254 1578 1264 1595 ‚
1280 1552 1324 1587 ils
1341 1551 1572 1587 deviennent
1585 1552 1730 1588 chastes
1747 1560 1784 1588 et
1797 1553 1927 1589 sobres
1941 1560 1978 1589 et
2000 1559 2213 1607 renoncent

1169 1622 1243 1646 aux
1261 1612 1430 1646 mauvais
1445 1612 1614 1646 instincts
1626 1611 1673 1647 de
1693 1612 1792 1647 leurs
1813 1625 1937 1660 corps.
1961 1614 1994 1648 Il
2008 1626 2032 1661 y
2045 1626 2093 1649 en
2107 1626 2128 1649 a
2145 1615 2212 1662 qui

1167 1671 1390 1718 pratiquent
1427 1671 1463 1706 la
1492 1671 1656 1706 chastete
1687 1678 1726 1706 et
1752 1672 1787 1707 la
1818 1673 2081 1719 tempe'rence3
2119 1674 2212 1709 mais

1170 1730 1301 1777 quand
1314 1730 1361 1766 ils
1379 1737 1643 1766 commencent
1656 1743 1678 1780 a
1692 1731 1862 1779 negliget·
1875 1732 1927 1767 les
1936 1732 2034 1766 bons
2053 1733 2214 1768 conseils

1170 1796 1206 1825 et
1221 1789 1242 1825 a
1257 1790 1442 1838 inepriser
1462 1790 1515 1825 les
1534 1787 1891 1826 Commandements
1910 1790 1958 1826 de
1981 1791 2081 1826 Dieu
2106 1798 2144 1827 et
2159 1792 2212 1827 les

1173 1952 1359 2003 ἐπιθυμίας
1379 1955 1448 1990 τῶν
1466 1953 1700 2005 πραγμάτων·
1730 1955 1807 1992 ἀλλ’
1827 1953 1973 1999 ἕκαστος
1994 1958 2062 1993 τῶν
2082 1958 2216 2008 ἀνθρώ-

1172 2027 1246 2050 πων
1269 2011 1360 2049 κατὰ
1380 2011 1444 2059 τὴν
1463 2013 1555 2050 ἷδίαν
1573 2012 1714 2059 θέλησιν
1736 2015 1886 2064 αἵρεῖτᾳι
1905 2016 2016 2067 ἑαυτῷ
2040 2015 2127 2066 βίον,
2156 2017 2216 2055 τὸν

1173 2070 1320 2118 πλησίον
1337 2071 1385 2120 μὴ
1405 2070 1634 2122 μιμούμενος,
1655 2071 1747 2119 πλὴν
1764 2073 1799 2110 ἐν
1820 2067 1870 2116 οἷς
1886 2073 2060 2125 βούλεται.
2076 2074 2129 2113 Τὸ
2148 2074 2215 2127 γὰρ

1176 2130 1353 2182 ἐλεύθερον
1376 2134 1480 2168 αὐτοῦ
1508 2131 1574 2183 οὐχ
1594 2130 1777 2169 ὑπόκειται
1806 2131 1966 2185 δουλείᾳ,
1994 2132 2054 2171 καὶ
2077 2133 2110 2171 εἴ
2131 2149 2215 2171 ποτε

1174 2187 1265 2227 ἑκὼν
1286 2188 1486 2239 δουλεύσει,
1505 2189 1565 2227 καὶ
1585 2193 1688 2228 τοῦτο
1707 2194 1771 2238 τῆς
1788 2192 1980 2244 ἐλευθερίας
2001 2193 2108 2230 αὐτοῦ
2128 2193 2215 2240 ἐστὶ,

1175 2248 1213 2286 τὸ
1235 2248 1402 2287 δύνασθαι
1421 2248 1594 2286 δουλεύειν
1616 2248 1754 2288 ἑκόντα.
1779 2250 1890 2289 Πόσοι
1913 2253 1981 2288 τῶν
2004 2250 2213 2303 ἀνθρώπων,

1175 2307 1236 2346 καὶ
1258 2307 1414 2359 μάλιστα
1435 2310 1502 2346 τῶν
1523 2308 1739 2363 Ἀλαναίων,
1757 2311 1804 2353 ὡς
1830 2309 1874 2347 τὰ
1899 2309 2004 2361 ἄγρια
2023 2312 2093 2354 ζῶα
2111 2325 2216 2363 κρεο-

1176 2367 1337 2419 ὅοροῧσιν
1354 2367 1459 2419 ἄρτου
1477 2366 1526 2417 μὴ
1542 2367 1724 2418 γευόμενοι
1739 2396 1749 2414 ,
1771 2368 1832 2406 καὶ
1847 2371 1884 2406 οὐ
1905 2368 1961 2406 διὰ
1978 2368 2019 2406 τὸ
2037 2368 2085 2418 μὴ
2105 2368 2214 2421 ἔχειν,

1177 2426 1269 2464 ἀλλὰ
1290 2427 1345 2464 διὰ
1362 2426 1400 2464 τὸ
1422 2426 1471 2476 μὴ
1494 2428 1616 2464 θέλειν·
1636 2426 1735 2465 ἄλλοι
1753 2430 1864 2478 κρεῶν
1882 2428 1920 2465 οὐ
1935 2427 2096 2478 γεύονται
2110 2430 2156 2472 ὡς
2172 2428 2218 2466 τὰ

1176 2485 1293 2537 ἥμερα
1328 2487 1419 2533 ζῶα,
1455 2485 1554 2523 ἄλλοι
1585 2487 1839 2538 ἷχθυοφαγοῧσι
1877 2486 1994 2536 μόνον·
2037 2486 2149 2538 ἕτεροι
2181 2487 2218 2526 δὲ

1179 2545 1307 2597 ἰχθύων
1326 2547 1364 2583 οὐ
1386 2544 1559 2596 γεύονται,
1575 2544 1644 2583 οὐδ’
1657 2544 1699 2583 ἂν
1715 2544 1956 2595 λιμώσσωσιν.
1971 2546 2017 2585 Οἵ
2039 2546 2101 2596 μὲν
2114 2547 2219 2597 ὕδρο-

1178 2608 1342 2644 ποτοῧσιν
1359 2636 1368 2652 ,
1392 2606 1424 2642 οἱ
1452 2603 1487 2642 δὲ
1515 2606 1771 2651 οἶνοποτοῧσιν,
1799 2606 1831 2642 οἱ
1854 2604 1890 2642 δὲ
1917 2604 2040 2657 σίκερα
2061 2605 2216 2644 πίνουσι.

1178 2663 1252 2702 Καὶ
1270 2664 1389 2707 ἁπλῶς
1411 2661 1526 2710 πολλὴ
1545 2662 1693 2717 διαφορὰ
1715 2663 1984 2716 βρωμάτων“καὶ
1997 2664 2167 2714 πομάτων
2181 2667 2216 2704 ἐν

1178 2726 1222 2776 τῇ
1245 2722 1509 2775 ἀνθρωπότητι,
1538 2723 1644 2776 μέχρι
1665 2723 1725 2761 καὶ
1747 2725 1847 2775 ἐν.τῇ
1875 2725 1944 2762 τῶν
1966 2723 2134 2777 λαχάνων
2158 2724 2218 2762 καὶ

1179 2784 1326 2834 ὀπωρῶν
1339 2781 1468 2834 βρώσει
1479 2781 1735 2836 διαφερόμενοι.
1751 2782 1856 2821 Ἀλλὰ
1869 2782 1929 2821 καὶ
1939 2784 1970 2821 οἱ
1984 2782 2047 2833 μὲν
2062 2785 2109 2827 ὡς
2120 2799 2220 2836 σκορ·

1180 2842 1253 2881 πίοι
1273 2844 1332 2879 καὶ
1358 2844 1403 2885 ὡς
1425 2842 1568 2885 ἀσπίδες
1590 2840 1638 2892 μὴ
1662 2841 1884 2888 ἀδικηθέντες
1916 2843 2108 2882 ἀδικοῦσιν·
2131 2844 2163 2881 οἱ
2182 2842 2219 2881 δὲ

1181 2905 1227 2945 ὡς
1243 2900 1286 2939 τὰ
1299 2901 1409 2950 ἄλογα
1418 2901 1526 2953 [ἄλλα
1534 2902 1568 2952 ?]
1578 2903 1649 2946 ζῶα
1660 2901 1882 2952 ἀδικούμενοι
1894 2902 2098 2952 ἀμύνονται.
2110 2899 2220 2941 ‘'Eve-

1184 2977 1235 3013 ροι
1258 2960 1293 2999 δὲ
1313 2963 1358 3004 ὡς
1379 2959 1478 2999 λύκοι
1505 2961 1702 3014 ἁρπάζουσι
1720 2960 1781 2998 καὶ
1807 2962 1854 3004 ὡς
1873 2962 1980 3012 γαλαῖ
1997 2960 2219 3000 κλέπτουσιν·

1181 3020 1280 3059 ἄλλοι
1302 3019 1336 3057 δὲ
1358 3022 1404 3063 ὡς
1424 3019 1574 3073 ἀμνάδες
1597 3019 1658 3058 καὶ
1689 3020 1843 3071 μηκάδες
1863 3019 1930 3057 ὑπὸ
1950 3021 2019 3058 τῶν
2050 3021 2220 3068 ὁμοιοπα-

1182 3082 1248 3118 θῶν
1282 3079 1486 3118 ἐλαύνονται
1517 3079 1578 3117 καὶ
1611 3078 1691 3122 τοὺς
1718 3080 1924 3122 ἀδικοῦντας
1953 3079 2017 3117 οὐκ
2051 3079 2222 3119 ἀδικοῦσι·

1182 3139 1242 3178 καὶ
1256 3141 1287 3177 οἳ
1303 3138 1364 3190 μὲν
1376 3138 1537 3191 λέγονται
1555 3138 1678 3190 ἀγαθοὶ
1693 3168 1703 3186 ,
1726 3141 1756 3176 οἱ
1777 3137 1813 3176 δὲ
1832 3137 1957 3186 κακοὶ,
1975 3139 2007 3176 οἳ
2024 3136 2060 3176 δὲ
2082 3138 2222 3178 δίκαιοι.

1181 3197 1289 3238 εὈθεν
1311 3198 1385 3236 ἐστὶ
1408 3202 1495 3236 νοεῖν
1508 3227 1518 3245 ,
1543 3196 1591 3248 μὴ
1611 3197 1750 3241 πάντως
1765 3197 1856 3235 κατὰ
1878 3196 1980 3249 φύσιν
2001 3196 2149 3249 ἄγεσθαι
2165 3198 2229 3246 τὸνν

1162 3307 1165 3310 ¹
1186 3257 1378 3310 ἄνθρωπον·
1402 3256 1530 3310 (ποίαν
1551 3256 1619 3310 γὰρ
1647 3258 1752 3295 αὐτοῦ
1775 3258 1921 3309 ἐροῦμεν
1943 3255 2073 3309 φύσιν;
2093 3258 2103 3310 )
2134 3258 2226 3296 ἀλλὰ

1185 3320 1236 3363 πῆ
1260 3316 1321 3367 μὲν
1350 3316 1491 3369 φέρεται
1506 3315 1599 3355 κατὰ
1619 3315 1740 3369 φύσιν,
1762 3318 1811 3362 πῆ
1829 3314 1865 3354 δὲ
1886 3315 1979 3354 κατὰ
2005 3316 2224 3369 προαίρεσιν.

1185 3377 1248 3416 Διὸ
1283 3376 1340 3414 τὸν
1369 3376 1509 3415 ἔπαινον
1548 3374 1688 3414 καὶτὸν
1719 3375 1826 3428 ψόγον
1854 3375 1916 3414 καὶ
1938 3374 2001 3422 τὴν
2033 3375 2227 3423 καταδίκην
