2294 3620
123 156 197 194 128

120 241 192 278 m’a
212 242 269 276 ete
289 241 471 289 preparee
504 247 574 287 par
601 242 635 275 le
655 239 801 288 Christ,
823 237 917 275 dont
945 240 980 274 la
1005 237 1142 273 felicite

107 305 172 335 ‘est
188 297 382 343 steincile,
397 297 492 333 dont
508 298 543 333 le
562 297 674 346 regne
690 296 750 332 n'a
768 309 834 344 pas
853 296 900 333 de
921 295 974 331 fin
991 303 1027 331 et
1047 295 1142 331 dont

98 355 170 392 'les
196 356 292 403 joies
309 367 358 391 ne
378 355 588 391 diminuent
613 354 736 402 point.
763 354 818 396 Si,
836 365 884 388 au
915 353 989 388 lieu
1010 351 1140 388 d’hon-

117 426 241 460 neurs,
256 421 296 450 tu
311 413 530 450 m'accables
545 413 592 449 de
608 420 673 448 ton
685 413 836 460 mepris‚
854 419 895 447 tu
907 410 1138 446 m'accordes

116 484 189 520 par
201 472 235 508 la
250 473 286 508 la
300 471 500 521 splendeur
513 471 577 507 des
590 482 716 519 anges,
726 470 943 506 adorateurs
956 469 1137 504 bienheu-

117 543 208 568 reux
228 531 274 567 de
293 531 374 566 leur
393 531 582 566 Createur.
608 531 651 565 Et
670 542 770 578 pour
789 541 830 564 ce
849 529 914 576 qui
938 535 993 563 est
1012 528 1057 564 de
1075 539 1136 563 me

119 601 292 626 menacer
319 589 367 624 de
391 589 426 623 la
449 589 578 636 prison
597 595 634 623 et
657 587 722 623 des
751 587 913 631 chaines‚
930 598 976 621 au
996 586 1070 621 lieu
1090 585 1137 620 de

117 645 289 682 m'elever
310 658 357 682 en
392 646 555 694 dignite,
578 652 618 680 tu
646 657 705 680 me
729 643 840 680 rends
860 644 1027 679 heureux
1042 669 1052 687 ,
1074 654 1137 678 car

119 705 167 741 de
183 711 278 741 cette
291 704 454 740 maniere
465 732 475 752 ,
486 703 524 750 je
542 703 795 739 ressemblerai
811 702 832 737 a
847 714 938 736 mon
955 702 1134 749 Seigneur

116 775 187 812 par
201 776 253 800 ses
271 764 363 798 liens
378 770 415 798 et
425 762 460 809 je
477 774 537 798 me
555 762 732 809 rejouirai
751 772 839 796 avec
860 758 913 795 lui
931 761 966 794 le
981 758 1070 806 jour
1086 759 1132 795 de

115 827 184 857 s'on
209 822 439 857 avenement.
460 818 513 855 En
540 832 596 855 me
616 819 782 855 chassant
809 817 856 853 de
889 824 925 853 ta
953 817 1072 862 table,
1093 824 1132 852 tu

115 896 175 920 me
193 885 369 932 prepares
387 895 460 919 une
485 883 591 930 place
616 894 662 917 au
688 882 855 927 banquet
879 879 1129 925 d’Abraham‚

113 941 204 990 pere
231 942 294 978 des
321 948 491 989 croyants
517 947 553 976 et
575 939 621 975 de
639 946 721 974 tous
739 939 790 973 les
809 937 925 984 justes
942 938 1007 985 qui
1026 937 1130 984 joui-

113 1007 202 1036 ront
221 1000 271 1036 du
288 1011 464 1047 royaume
485 998 532 1034 de
557 999 664 1034 Dieu.
685 998 744 1032 Me
763 1003 994 1032 menatem-tu
1016 996 1063 1031 de
1094 997 1129 1032 Ia

111 1058 236 1094 mort?
253 1059 350 1094 voici
369 1070 440 1105 que
460 1064 500 1092 tu
525 1068 584 1091 me
603 1055 668 1091 fais
689 1062 814 1091 entrer
834 1054 926 1090 dans
943 1055 977 1090 le
995 1055 1128 1090 choeur

111 1115 164 1152 du
182 1116 320 1162 Christ,
339 1116 388 1150 ou
401 1122 484 1150 sont
503 1121 585 1150 tous
605 1126 698 1149 ceux
718 1115 783 1161 qui
800 1120 867 1149 ont
888 1114 944 1148 ete
959 1114 1124 1162 appele's‚

111 1173 162 1210 les
189 1173 434 1221 patriarches,
471 1173 522 1208 les
556 1172 691 1218 justes,
726 1172 779 1208 les
815 1171 1039 1220 prophetes,
1077 1173 1130 1208 les

105 1394 258 1446 ἀγγέλων
289 1394 393 1445 τιμὴν
421 1396 456 1432 ἓν
486 1395 683 1449 εὐφροσύνῃ
708 1397 827 1448 (deest
855 1397 1039 1451 σεὸόντων)
1072 1398 1130 1437 τὸν

105 1455 234 1491 ἑαυτῶν
247 1453 406 1500 ποιητήν·
418 1453 476 1492 καὶ
488 1454 540 1492 ὅτι
549 1454 662 1506 λέγεις
680 1456 755 1493 ἀντὶ
767 1456 960 1507 ἀξιώματος
974 1456 1132 1509 φυλακὴν

102 1511 162 1550 καὶ
176 1512 285 1561 δεσμὰ
301 1512 500 1564 περιὸαλεῖν
517 1528 591 1563 μοι,
605 1510 778 1565 μακάριός
793 1516 863 1565 εἶμι
876 1514 1057 1565 δεξάμενος
1070 1515 1131 1562 τὴν

106 1570 251 1620 μίμησιν
266 1573 333 1607 τῶν
349 1573 482 1620 δεσμῶν
498 1575 557 1609 τοῦ
573 1573 656 1622 ἐμοῦ
672 1572 918 1620 δεσπότου,ἵνα
935 1577 1010 1624 μετ’
1027 1576 1131 1613 αὐτοῦ

105 1631 280 1680 εὐφρανθῶ
309 1629 368 1666 καὶ
397 1631 667 1680 ἀγαλλιάσωμαι
691 1633 724 1668 ἐν
745 1635 788 1684 τῇ
808 1634 912 1670 αὐτοῦ
937 1634 1126 1687 παρουσίᾳ.

106 1686 177 1725 Καὶ
199 1686 317 1733 ἐπειδὴ
338 1689 486 1737 νομίζεις
502 1690 701 1740 ἀποστερεῖν
722 1705 765 1740 με
789 1693 857 1729 τῶν
877 1694 944 1730 σῶν
966 1691 1127 1743 δείπνων,

105 1744 176 1783 ἰδοὺ
197 1746 389 1795 ἑτοιμάζεις
407 1763 448 1796 με
471 1749 720 1795 κατακλιθῆναι
737 1748 824 1799 μετὰ
844 1756 902 1789 τοῦ
918 1751 1047 1803 πατρὸς
1067 1754 1127 1798 τῆς

105 1803 251 1846 πίστεως
268 1805 364 1853 ἡμῶν
380 1803 553 1856 Ἀδραὰμ,
572 1806 630 1843 καὶ
649 1811 787 1845 πάντων
804 1810 872 1846 τῶν
890 1809 1043 1856 δικαίων,
1058 1812 1126 1847 τῶν

106 1860 298 1907 μελλόντων
312 1862 540 1914 εὐφρανθῆναι
550 1866 581 1901 ἐν
593 1867 634 1916 τῇ
646 1865 806 1920 βασιλείᾳ
815 1870 874 1905 τοῦ
886 1869 989 1906 Θεοῦ·
1002 1867 1061 1906 καὶ
1073 1868 1124 1906 ὅτι

107 1919 257 1962 ἀπειλεῖς
273 1935 332 1969 μοι
345 1921 500 1970 θάνατον,
515 1922 585 1960 ἰδοὺ
599 1924 817 1974 ἀναμιγνύεις
831 1942 874 1975 με
890 1928 936 1970 εἷς
950 1927 1006 1965 τὸν
1022 1922 1124 1979 χορὸν

106 1980 166 2014 τοῦ
189 1979 301 2025 Θεοῦ,
323 1978 401 2018 ἔνθα
419 1979 542 2024 πάντες
568 1982 632 2018 εἰσὶ
660 1983 860 2034 χορεύοντες
875 2014 884 2032 ,
903 1986 1050 2038 πατέρες
1065 1987 1124 2024 καὶ

107 2034 232 2074 δίκαιοι
257 2037 315 2074 καὶ
338 2042 511 2091 προφῆται
531 2040 588 2078 καὶ
604 2042 788 2080 ἀπόστολοι
805 2043 864 2081 καὶ
882 2044 1052 2098 μάρτυρες
1067 2045 1126 2084 καὶ

107 2093 234 2138 πάντες
257 2097 287 2132 οἱ
316 2096 467 2135 ἐκλεκτοὶ
487 2102 543 2135 τοῦ
565 2100 672 2138 Θεοῦ.
733 2101 856 2145 Καθὼς
884 2104 917 2141 δὲ
938 2102 1048 2153 λέγεις
1074 2104 1126 2142 ὅτι

106 2153 141 2190 ἐν
160 2155 208 2205 τῷ
231 2157 366 2206 θανάτῳ
385 2155 445 2201 τὴν
462 2156 583 2194 ἐλπίδα
604 2161 663 2204 τῆς
683 2161 772 2207 ζωῆς
791 2175 851 2198 σου
868 2162 1046 2211 ἐκκόπτω,
1061 2164 1126 2215 οὐχ

99 2211 120 2256 ἡ
135 2211 202 2261 ἐμὴ
218 2212 295 2250 ἀλλ’
305 2214 437 2257 οὐδενὸς
450 2217 472 2261 ἡ
490 2216 584 2259 ἐλπὶς
596 2217 800 2256 ἐκκόπτεται
818 2220 886 2257 ἀπὸ
901 2221 1040 2259 πάντων
1051 2224 1119 2259 τῶν

101 2269 279 2308 Θεοσεὸῶν·
300 2274 321 2318 ἡ
345 2270 379 2309 δὲ
411 2276 477 2311 τῶν
512 2276 674 2326 θεοφιλῶν
705 2277 800 2321 ἐλπὶς
830 2277 1050 2332 περικρατεῗ,
1077 2280 1122 2327 ἣν

97 2326 194 2378 κάγὼ
215 2329 317 2374 αὐτὸς
342 2329 428 2382 ἔχω·
449 2335 516 2370 τῶν
543 2333 578 2371 δὲ
602 2337 679 2372 καθ’
698 2338 785 2386 ὑμᾶς
812 2338 1047 2390 λατρευόντων
1070 2341 1119 2377 εἷ-

98 2384 214 2430 δώλοις
245 2387 303 2425 καὶ
336 2392 587 2441 χειροποιήτοις
632 2395 839 2446 ἀνθρώπων,
873 2398 1008 2444 ἀληθῶς
1041 2397 1118 2436 ἐστὲ

100 2445 352 2495 ἀπηλπισμένοι
373 2449 440 2487 ἀπὸ
461 2452 522 2496 τῆς
541 2453 654 2498 θεϊκῆς
674 2455 774 2500 ζωῆς.

147 2504 242 2552 §²4-
254 2503 323 2544 ιἩν
337 2507 370 2545 δὲ
385 2506 424 2544 σὺ
439 2509 555 2553 καλεῖς
573 2511 728 2563 μεγάλην
744 2513 924 2552 δέσποιναν
940 2513 1118 2566 Ἄρτεμιν,

100 2562 240 2600 σεαυτὸν
258 2565 398 2602 ἀπατῶν
416 2567 453 2616 (f.
474 2569 636 2620 ἀπατᾷς).
667 2573 746 2623 Οὐχ
765 2571 872 2616 οὕτως
890 2572 959 2625 γὰρ
979 2574 1053 2626 ἔχει
1075 2575 1119 2613 τὰ

98 2619 178 2670 περὶ
190 2621 329 2659 τούτων·
345 2624 419 2662 ἀλλ’
431 2625 601 2678 ἄνθρωποι
615 2628 770 2680 ἐγένοντο
782 2633 815 2668 ἐν
832 2635 943 2685 καιρῷ
957 2649 1034 2673 τινι.
1049 2634 1119 2673 Καὶ

97 2678 279 2730 ἐπειδήπερ
301 2681 354 2719 διὰ
374 2683 510 2729 κνήσεις
530 2686 701 2736 δαιμόνων
723 2689 782 2726 καὶ
799 2690 959 2741 γοητείας
981 2692 1118 2741 ἐξέστη-

97 2749 160 2772 σαν
180 2735 255 2781 τούς
271 2753 308 2775 τε
334 2741 529 2792 ἀνθρώπους
541 2773 550 2790 ,
573 2746 704 2798 μορφὰς
720 2747 777 2785 καὶ
793 2749 984 2801 φαντασίας
1003 2752 1116 2790 αὐτῶν

95 2795 162 2831 τῶν
178 2795 345 2845 δαιμόνων
364 2799 579 2850 δεικνύντων,
596 2803 736 2844 ἔπεισαν
755 2807 891 2858 βωμοὺς
905 2811 1112 2861 οἰκοδομεῖν,

96 2851 154 2888 καὶ
172 2854 299 2901 στήλας
319 2859 466 2906 στῆσαι,
484 2860 543 2898 καὶ
570 2871 772 2914 προσκυνεῖν
791 2866 834 2904 τὰ
858 2869 1019 2921 ἀνωφελῆ
1034 2899 1044 2917 ,
1071 2869 1115 2908 τὰ

97 2908 158 2957 μὲν
200 2913 285 2962 μηδὲ
325 2917 429 2954 κακὸν
469 2919 555 2967 μηδὲ
586 2922 711 2973 ἀγαθὸν
743 2927 888 2972 ποιῆσαι
922 2928 1110 2977 δυνάμενα.

97 2967 186 3005 Οὐδὲ
204 2970 268 3022 γὰρ
297 2977 440 3023 τιμῆσαι
465 2977 542 3021 τοὺς
574 2980 676 3024 ἰδίους
707 2983 918 3035 λατρευτὰς,
936 2986 1013 3024 οὓδὲ
1035 2988 1112 3024 ἀτι-

99 3027 206 3073 μῆσαι
231 3029 304 3073 τοὺς
336 3032 531 3084 ὓὸρίζοντας
550 3031 613 3075 οἷοί
640 3039 678 3076 τέ
710 3042 807 3089 εἰσιν,
837 3043 995 3088 οὕστινας
1017 3047 1113 3095 ὑμεῖς

100 3086 324 3131 σκοτισθέντες
354 3092 556 3142 λατρεύετε,
587 3096 646 3134 καὶ
674 3098 731 3135 τὸν
766 3104 843 3138 νοῦν
876 3102 1109 3150 ἐξεστηκότες.

99 3139 170 3177 Καὶ
189 3143 262 3181 ἀντὶ
284 3149 342 3183 τοῦ
366 3149 474 3196 Θεοῦ,
502 3147 541 3189 οὗ
569 3155 636 3191 τῶν
658 3157 794 3206 ἀγαθῶν
817 3160 1032 3210 ἀπελάδετε,
1059 3178 1110 3199 τι·

99 3202 186 3246 μᾶῒε
207 3199 282 3244 τοὺς
294 3203 434 3250 λιθίνους
454 3209 512 3247 καὶ
532 3209 683 3256 ξυλίνους
706 3215 763 3253 καὶ
783 3223 931 3267 γρυσοῦς
959 3220 1019 3258 καὶ
1049 3224 1112 3272 ἀρ-

98 3260 233 3306 γυροῦς,
251 3257 271 3294 ἃ
290 3262 307 3296 ὅ
325 3263 410 3305 Θεὸς
426 3264 553 3305 ἔκτισεν
571 3271 616 3312 εἰς
636 3263 825 3322 ὑπηρεσίαν
841 3277 900 3315 καὶ
917 3279 1110 3317 ἀπόλαυσιν

98 3312 157 3350 καὶ
184 3315 301 3368 χρείαν
326 3320 392 3356 τῶν
415 3323 647 3374 ἀνθρώπων...

1023 146 1342 188 AGATHANGE.

1214 235 1377 284 apotres,
1389 234 1441 269 les
1453 238 1617 281 martyrs
1631 241 1668 270 et
1679 241 1763 270 tous
1775 235 1828 271 les
1839 235 1929 274 e'lus.
1940 237 1998 272 Tu
2006 249 2068 273 me
2080 249 2214 283 menae
2224 257 2261 275 am

1215 293 1262 329 de
1280 292 1483 328 m'enlever
1502 303 1572 340 par
1590 293 1628 329 la
1651 299 1754 328 mort
1773 291 2004 342 l’esperance
2029 295 2077 332 de
2107 296 2143 333 la
2168 297 2228 335 vie

1211 363 1324 400 parce
1346 350 1457 398 qu'en
1474 351 1591 387 verite
1618 358 1659 387 tu
1678 351 1757 387 n'as
1782 353 1893 399 point
1918 352 2175 402 d’esperance.
2194 355 2228 402 N

1210 410 1344 445 sais-tu
1373 421 1440 456 pas
1468 421 1542 457 que
1560 406 1790 457 l’esperance
1813 410 1861 446 de
1880 423 1976 453 ceux
2000 413 2067 460 qui
2086 412 2229 451 adoren
2257 430 2259 432 ·

1210 467 1307 503 Dieu
1339 479 1376 502 se
1404 466 1610 503 raffermit?
1625 469 1725 503 Tous
1757 480 1853 504 ceux
1884 470 1971 517 qui,
1995 482 2144 508 comme
2169 473 2224 509 toi
2248 501 2258 517 ζ

1209 525 1369 561 adorent
1385 525 1450 561 des
1463 525 1578 561 dieux
1590 533 1726 575 muetS,
1741 533 1780 562 et
1798 527 1851 563 les
1863 539 2048 577 ouvrages
2066 529 2260 568 inanimes

1210 643 1417 679 tablement
1435 643 1483 679 de
1508 644 1544 679 la
1570 645 1673 680 vraie
1699 645 1759 680 vie
1781 644 1829 681 de
1851 646 2018 684 Diem...
2174 678 2181 682 .
2232 656 2257 693 ,ἱ

1267 699 1306 752 [ἓ
1322 701 1406 751 24.]
1423 718 1438 733 «ι
1454 704 1579 748 Quant
1598 703 1620 738 a
1638 703 1672 738 la
1690 703 1807 740 noble
1826 704 1938 742 dame
1952 704 2107 754 Anahid
2119 719 2196 755 que

1213 762 1376 810 appelles
1401 759 1730 807 Grande-Messe,
1749 763 1776 798 il
1794 771 1906 811 ysseut
1924 765 2120 813 ‘peut-etre
2145 765 2178 813 j„
2198 782 2206 797 ι
2220 766 2229 775 “

1211 833 1284 856 une
1308 820 1444 856 femme
1470 820 1517 856 de
1541 833 1584 856 ce
1612 833 1724 868 nom,
1754 821 1776 857 a
1796 823 1864 870 qui
1894 822 1961 859 des
1984 823 2176 870 hommes,
2196 837 2261 873 au·

1205 891 1344 926 moyen
1372 878 1722 915 d’enchantements
1752 880 2003 930 idolatriques
2026 890 2065 920 et
2090 883 2140 920 de
2164 883 2255 923 fan-

1206 938 1323 974 tomes
1340 939 1603 986 representant
1615 939 1831 977 differentes
1847 940 1986 990 figures
2001 942 2050 979 de
2067 939 2261 992 (ὶιξιιιοιιιι,ν

1205 997 1455 1046 imaginerent
1483 997 1531 1034 de
1568 998 1662 1034 faire
1689 999 1814 1036 elever
1833 1000 1900 1036 des
1929 1002 2087 1050 temples
2113 1010 2162 1042 et,
2179 1003 2260 1043 den

1203 1063 1362 1101 statues,
1390 1069 1490 1104 pour
1513 1057 1566 1092 les
1599 1057 1752 1095 adorer.
1787 1059 1856 1095 Ces
1889 1060 2108 1098 simulacres
2135 1061 2263 1106 11’01183¹¹

1203 1127 1269 1162 pas
1295 1114 1343 1150 de
1378 1116 1460 1160 vie3
1491 1115 1536 1151 ils
1562 1128 1611 1152 ne
1642 1123 1809 1165 peuvent
1832 1117 1925 1155 faire
1951 1120 1992 1154 ni
2017 1120 2052 1156 le
2079 1119 2172 1157 bien
2203 1122 2247 1165 mf

1203 1173 1238 1210 le
1262 1174 1356 1218 mal,
1386 1175 1429 1209 ils
1453 1186 1502 1210 ne
1529 1183 1700 1224 peuvent
1714 1177 1884 1213 honorer
1902 1178 2003 1214 leurs
2033 1180 2245 1229 ministres,

1210 1399 1306 1436 Quod
1324 1398 1454 1439 dixisti,
1469 1409 1529 1441 pro
1541 1400 1644 1442 gloria
1653 1401 1864 1444 ignominiam
1875 1404 1909 1437 te
1922 1403 2106 1445 illaturum,
2118 1405 2251 1440 omnino
2264 1399 2283 1448 'J

1203 1463 1284 1495 mihi
1302 1465 1455 1497 concilias
1470 1465 1627 1499 honorem
1647 1468 1836 1510 angelorum
1846 1494 1854 1509 ‚
1868 1478 1944 1502 cum
1956 1470 2071 1503 laetitia
2087 1471 2249 1507 factorem

1203 1536 1299 1560 suum
1330 1530 1542 1562 laudantium.
1587 1531 1684 1569 Quod
1715 1533 1763 1565 ais
1774 1558 1783 1574 ‚
1811 1543 1871 1575 pro
1899 1533 2055 1576 dignitate
2083 1545 2265 1574 carcerem:

1205 1593 1239 1624 et
1262 1592 1390 1625 vincula
1408 1594 1489 1625 mihi
1513 1597 1716 1636 praeparata,
1734 1596 1852 1629 beatus
1877 1605 1968 1638 sum,
1986 1597 2015 1631 si
2027 1597 2160 1632 vincula
2182 1599 2243 1633 do·
2261 1610 2282 1644 j*

1205 1657 1284 1690 mini
1296 1657 1361 1689 mei
1374 1657 1501 1689 valeam
1513 1658 1635 1691 imitari
1647 1684 1655 1699 ‚
1666 1660 1707 1692 ut
1723 1668 1800 1692 cum
1818 1660 1891 1702 ipso
1904 1660 2155 1696 oblectationem
2169 1672 2244 1697 con·
2265 1675 2270 1706 ς

1206 1730 1335 1762 sequar,
1350 1722 1383 1754 et
1406 1721 1441 1753 in
1467 1722 1613 1755 adventu
1629 1723 1700 1765 ejus
1724 1724 1898 1757 exsultem.
1943 1725 2040 1763 Quod
2056 1726 2174 1760 statuis
2187 1722 2264 1763 mes·

1202 1785 1268 1818 tuis
1285 1785 1413 1827 privare
1429 1786 1531 1819 coenis
1543 1813 1551 1827 ,
1565 1796 1730 1829 praeparas
1746 1797 1800 1821 me
1816 1787 1859 1821 ad
1883 1789 2149 1823 decumbendum
2160 1780 2262 1838 cum]

1201 1858 1292 1897 patre
1309 1856 1385 1889 fidei
1404 1859 1526 1891 nostrae
1542 1858 1706 1891 Abraham
1720 1884 1728 1899 ,
1746 1861 1779 1892 et
1795 1869 1871 1893 cum
1888 1860 2040 1894 omnihus
2053 1861 2152 1904 justis
2163 1886 2172 1902 ‚
2182 1861 2246 1904 qui

1198 1923 1362 1956 hilaritate
1381 1933 1510 1957 summa
1527 1926 1739 1966 perfruentur
1753 1927 1785 1958 in
1798 1935 1898 1969 regno
1909 1927 1981 1960 Dei.
2027 1927 2126 1966 Quod
2144 1934 2237 1961 mor·
2261 1955 2263 1958 .

1199 1992 1266 2023 tem
1285 1992 1366 2024 mihi
1384 1993 1565 2033 minitaris3
1583 2003 1660 2043 ecce
1679 1995 1846 2029 immisces
1864 2005 1918 2029 me
1939 1996 2039 2030 choro
2057 1996 2136 2038 Dei,
2151 1995 2239 2040 apud
2253 2019 2261 2023 ·

1200 2068 1300 2100 quem
1316 2070 1429 2094 omnes
1447 2062 1585 2108 choreas
1613 2065 1734 2105 agunt,
1751 2066 1868 2097 Patres
1879 2090 1888 2105 ,
1908 2065 2016 2106 susti,
2042 2065 2236 2108 Prophetoe,
2257 2083 2275 2107 2-

1199 2127 1366 2169 Apostoli,
1391 2130 1570 2170 Martyres,
1589 2131 1623 2162 et
1647 2139 1760 2163 omnes
1786 2131 1883 2164 electi
1903 2131 1974 2164 Dei.
2019 2134 2132 2170 Quum
2150 2132 2237 2166 'vero

1198 2192 1306 2225 dixisti
1327 2205 1334 2225 :
1354 2196 1459 2228 Morte
1480 2205 1612 2230 omnem
1637 2197 1698 2229 tibi
1727 2197 1807 2230 vitae
1833 2206 1927 2240 spem
1950 2198 2107 2232 abscindo
2133 2212 2142 2232 z
2171 2207 2237 2235 non

1198 2269 1271 2293 mea
1293 2270 1397 2302 neque
1416 2263 1563 2295 omnium
1580 2263 1711 2305 piorum
1730 2273 1805 2306 spes
1822 2265 1929 2297 morte
1949 2264 2171 2304 abscinditu1·;
2185 2246 2256 2311 iii-⁴*

1197 2329 1331 2361 valescit
1344 2339 1422 2362 vero
1442 2340 1518 2372 spes
1536 2334 1643 2364 Deum
1657 2332 1834 2365 colentium
1846 2358 1855 2374 ,
1869 2341 1969 2374 quam
1987 2334 2022 2366 et
2039 2341 2100 2375 ego
2117 2333 2247 2376 habeo„

1191 2396 1314 2427 Eorum
1333 2406 1410 2428 vero
1425 2422 1433 2437 ,
1447 2398 1504 2438 qui
1523 2399 1612 2440 apud
1626 2408 1687 2431 vos
1708 2399 1795 2437 idola
1811 2401 1845 2432 et
1865 2408 1966 2441 opera
1992 2408 2153 2434 manuum
2173 2400 2231 2434 ‹zo-¹
2248 2394 2250 2397 ’

1196 2461 1286 2502 lunt,
1302 2464 1391 2497 nulla
1409 2474 1522 2497 revera
1537 2466 1588 2498 est
1606 2475 1681 2508 spes
1696 2466 1773 2498 vitae
1790 2465 1922 2498 divinae.

1238 2522 1256 2563 ς
1274 2525 1324 2555 24.
1340 2524 1435 2561 Quod
1449 2526 1558 2558 autem
1571 2535 1722 2567 magnam
1735 2525 1901 2558 dominam
1911 2534 2011 2559 vocas
2020 2525 2235 2568 Artemidem,
2253 2519 2254 2522 ¹

1192 2591 1226 2624 id
1241 2592 1321 2626 sacis
1334 2596 1367 2627 te
1380 2595 1451 2637 ipse
1465 2596 1642 2638 decipiens.
1664 2599 1736 2629 Non
1749 2597 1796 2630 ita
1809 2606 1844 2630 se
1860 2597 1982 2630 habent
1999 2606 2052 2630 res
2067 2596 2209 2631 istorum
2217 2587 2249 2631 '·.¹

1192 2662 1250 2694 sed
1271 2662 1419 2696 homines
1437 2665 1612 2706 aliquando
1635 2666 1784 2700 fuerunt.
1832 2668 1875 2699 At
1893 2666 2047 2708 quoniam
2064 2665 2238 2712 daemones

1193 2741 1251 2773 per
1272 2734 1454 2776 prurigines
1481 2738 1514 2769 et
1538 2737 1721 2779 praestigias
1746 2736 1896 2770 homines
1923 2736 1956 2769 in
1985 2732 2247 2771 ειᾱῐιιίι·ειῐίοιιειιι”,ῃ

1192 2804 1380 2845 traxerunt,
1397 2805 1460 2846 ipsi
1486 2806 1607 2847 figuras
1632 2807 1666 2839 et
1688 2807 1917 2848 phantasmata
1940 2806 2232 2848 repraesentantes,
2244 2802 2249 2853 ’Δ

1191 2877 1426 2915 persuaserunt
1453 2877 1520 2918 εἰς,
1538 2878 1575 2910 ut
1603 2877 1718 2910 altaria
1747 2877 1966 2917 aedificarent,
1987 2876 2156 2910 columnas
2173 2875 2253 2910 eri-'-

1187 2944 1316 2982 gerent,
1336 2945 1369 2975 et
1388 2943 1559 2978 adorarent
1577 2945 1703 2978 inutilia
1715 2971 1723 2986 ‚
1744 2954 1819 2987 quae
1849 2954 1956 2987 neque
1974 2946 2100 2978 malum
2118 2944 2228 2985 facere
2254 2967 2255 2970 =

1186 3010 1343 3048 possunt,
1367 3019 1472 3051 neque
1498 3010 1632 3044 bonum.
1677 3011 1807 3057 Etenim
1825 3020 1886 3044 nec
1909 3011 2072 3045 honorare
2091 3011 2231 3055 possunt
2251 3031 2253 3037 ν
2286 3015 2288 3019 ’

1186 3075 1329 3108 cultores
1349 3085 1446 3117 suos,
1463 3087 1523 3110 nec
1537 3078 1654 3120 injuria
1667 3079 1845 3112 afficientes
1859 3079 2072 3121 ignominiose
2084 3079 2223 3122 habere;
2244 3092 2249 3111 ·,
2293 3071 2294 3109 ἶ

1185 3149 1268 3180 quos
1286 3151 1346 3175 vos
1362 3143 1506 3176 tenebris
1525 3146 1680 3178 excaecati
1708 3148 1742 3179 et
1759 3147 1869 3179 mente
1887 3145 1987 3179 emoti
2002 3145 2115 3178 divino
2130 3138 2250 3194 cultu
2292 3151 2294 3190 3}

1184 3207 1350 3243 honoratis
1367 3212 1400 3244 et
1417 3212 1476 3244 Dei
1494 3212 1584 3253 loco,
1602 3222 1622 3246 a
1638 3222 1704 3255 quo
1718 3213 1822 3247 bonas
1840 3212 2030 3256 accepistis,
2042 3221 2103 3246 vos
2117 3211 2228 3258 colitis
2250 3253 2257 3259 r
2292 3225 2294 3236 =

1183 3276 1344 3318 lapideos,
1356 3279 1480 3322 ligneos
1493 3306 1500 3321 ,
1514 3291 1651 3324 aureos,
1665 3283 1834 3325 argenteos
1850 3281 1951 3324 deos,
1968 3291 2052 3324 quas
2069 3280 2227 3316 materias

1184 3345 1274 3378 Deus
1291 3346 1414 3379 creavit
1432 3347 1466 3380 in
1487 3348 1705 3382 ministerium
1721 3351 1754 3383 et
1771 3358 1868 3382 usum
1887 3348 2096 3382 hominum...
