2294 3620
118 185 194 224 140

115 265 420 322 (Tioghlidianos)
438 266 548 303 Cesar
567 265 587 301 a
608 271 718 300 notre
730 262 935 299 bien-aime
955 260 1051 296 frere
1071 260 1134 297 Ti-

114 329 251 372 ridate,
268 333 378 362 notre
405 323 595 372 collegu'e,
617 324 723 359 salut.
749 323 800 357 Ta
831 321 1023 356 fraternite
1055 318 1138 354 doit

113 388 306 424 connaitre
336 386 388 420 les
418 383 631 430 dommages
665 382 730 428 qui
762 392 857 415 nous
890 386 975 414 sont
1009 378 1135 413 causes

115 445 284 491 toujours
301 455 370 491 par
385 443 420 478 la
438 448 535 477 secte
550 439 694 489 perfide
713 439 778 474 des
800 438 981 474 chr-etieus
994 463 1004 480 ‚
1024 447 1136 483 parce

114 501 224 551 qu'en
246 509 368 538 toutes
398 499 527 536 choses
554 506 660 534 notre
677 498 826 544 majeste
845 503 882 532 et
905 502 1014 530 notre
1039 506 1138 542 gou-

113 568 329 597 vernement
344 566 426 595 sont
442 558 618 606 meprises
632 569 702 605 par
715 568 787 591 eux
806 561 842 590 et
858 567 927 603 par
946 554 1028 589 leur
1044 552 1135 588 reli-

113 621 216 668 gion.
240 619 287 654 115
316 618 421 653 n'ont
450 629 593 652 aucune
621 622 794 658 retenue3
825 614 869 649 ils
900 612 1060 648 adorent
1083 623 1137 645 un

115 677 286 721 crucifie;
302 677 345 712 ils
358 675 528 711 revereat
541 675 633 710 aussi
647 686 698 708 un
717 673 800 707 bois
812 699 822 716 ‚
841 678 877 707 et
890 672 933 706 ils
951 671 1139 705 honorent

115 726 318 784 egalernent
333 735 384 770 les
410 738 610 769 ossements
626 731 672 767 de
686 743 780 767 ceux
798 730 864 777 qui
886 736 951 764 ont
965 729 1022 763 ete
1039 728 1135 771 tues,

114 795 158 828 ils
179 799 336 841 pensent
352 804 424 839 que
442 790 528 826 c’est
546 802 620 826 une
637 789 756 837 gloire
773 795 809 823 et
826 800 876 822 un
895 787 1068 821 honneur
1091 784 1138 821 de

114 852 260 887 mourir
286 862 385 898 pour
417 850 498 884 leur
521 849 629 884 Dieu.
650 846 698 883 lls
727 853 793 881 ont
825 847 881 880 ete
910 844 1137 880 condamnes

113 922 183 958 par
198 910 234 945 la
242 909 370 956 justice
387 908 432 944 de
445 919 511 942 nos
526 907 607 949 lois,
618 917 730 953 parce
745 903 851 952 qu'ils
866 902 1086 938 insulteoent
1100 911 1136 938 et

115 966 408 1003 tourmenterent
434 977 500 1000 nos
519 964 686 999 ancetres
703 969 739 999 et
762 975 830 997 nos
851 962 1136 1010 predecesseurs

114 1026 206 1062 dans
219 1037 261 1061 ce
274 1035 462 1071 royaume.
475 1025 527 1058 Le
540 1022 579 1057 fil
593 1022 639 1057 de
653 1033 720 1056 nos
731 1021 838 1069 epees
851 1020 935 1056 s’est
950 1021 1133 1066 emousse‚

113 1091 150 1120 et
178 1085 222 1119 ils
248 1083 354 1118 n'ont
370 1094 436 1129 pas
455 1080 609 1116 redoutt'·
631 1080 667 1115 la
687 1087 800 1116 mort.
822 1078 972 1115 seduits
995 1091 1065 1127 par
1084 1092 1137 1114 un

111 1142 193 1177 Juif
206 1139 354 1177 crucifi&
366 1167 375 1184 ‚
391 1140 433 1174 ils
454 1139 667 1186 enseignent
684 1138 705 1173 a
720 1139 901 1186 mepriser
915 1139 967 1173 les
981 1138 1059 1174 rois
1072 1166 1083 1186 ,
1100 1146 1137 1174 et

110 1200 130 1235 a
149 1212 196 1235 ne
214 1207 251 1234 se
268 1199 376 1246 point
390 1198 536 1232 soucier
553 1196 617 1232 des
641 1203 776 1232 statues
792 1196 856 1232 des
873 1197 1000 1233 dieux.
1021 1197 1070 1232 11s
1086 1210 1133 1233 ne

109 1258 275 1293 tiennent
289 1268 411 1291 aucun
428 1262 578 1302 compte
595 1255 642 1290 de
668 1254 880 1312 l'iqfluence
907 1255 972 1291 des
996 1263 1110 1291 astres
1123 1283 1132 1300 ,

109 1315 158 1351 du
179 1315 302 1359 soleil,
326 1313 373 1349 de
391 1315 427 1349 la
443 1314 529 1349 lune
551 1321 587 1349 et
607 1313 671 1349 des
698 1315 848 1359 smiles,
871 1314 980 1362 qu’ils
1005 1327 1135 1363 regar-

105 1379 191 1422 gent
214 1384 357 1408 comme
378 1373 478 1407 crees
496 1384 563 1420 par
590 1384 632 1407 ce
660 1371 824 1409 crucifie.
848 1374 898 1408 Ils
918 1374 1135 1421 enseignent

105 1503 154 1550 τῷ
187 1501 357 1551 ἀγαπητῷ
390 1500 526 1552 ἀδελφῷ
556 1500 615 1538 καὶ
638 1499 809 1552 συνθρόνῳ
837 1516 901 1551 μου
922 1501 1130 1553 Τηρηδάτῃ.

107 1557 269 1610 Γνωρίζω
287 1561 330 1610 τῇ
361 1561 405 1610 σῇ
428 1557 635 1611 ἀδελφότητι
667 1559 725 1597 καὶ
755 1561 828 1612 ἐμῷ
860 1561 1041 1613 συμμάχῳ
1074 1560 1135 1604 τὰς

110 1616 304 1669 συμφορὰς,
333 1615 445 1669 ἅσπερ
469 1617 654 1661 διαπαντὸς
675 1617 857 1669 πάσχομεν
888 1619 956 1656 ἀπὸ
980 1622 1042 1665 τῆς
1071 1620 1133 1657 πε-

108 1675 332 1725 πλανημένης
347 1676 528 1727 θρησκείας
538 1679 605 1714 τῶν
620 1679 842 1728 χριστιανῶν.
900 1675 1056 1716 Πάντοτε
1068 1677 1134 1730 γὰρ

108 1732 329 1776 ἐξουδενεῖται
344 1738 365 1781 ἢ
383 1733 538 1785 ἡμετέρα
554 1735 736 1774 δεσποτεία
752 1735 820 1773 ἀπὸ
841 1740 902 1783 τῆς
919 1738 1032 1774 αὐτῶν
1054 1752 1133 1775 συν-

108 1794 267 1841 αγωγῆς,
298 1793 358 1830 καὶ
389 1799 654 1845 καταφρονεῖται
696 1797 717 1840 ἡ
761 1794 922 1846 βασιλεία
949 1798 1049 1845 ἡμῶν
1075 1798 1132 1834 ὑπ’

109 1850 233 1887 αὐτῶν.
290 1849 396 1888 Αὐτοὶ
424 1850 490 1902 γὰρ
516 1851 632 1903 νεκρόν
664 1868 740 1890 τινα
779 1853 838 1891 καὶ
871 1854 1131 1906 ἐσταυρωμένον

111 1906 272 1954 σέὸουσι,
301 1908 360 1945 καὶ
389 1907 487 1952 ξύλον
517 1914 767 1961 προσκυνοῦσι,
787 1912 847 1950 καὶ
877 1911 921 1950 τὰ
950 1914 1036 1951 ὀστᾶ
1066 1915 1132 1952 τῶν

108 1965 321 2011 τεθνηκότων
341 1969 488 2014 τιμῶσι,
509 1968 567 2005 καὶ
596 1967 652 2006 τὸν
685 1971 718 2007 ἐν
747 1971 858 2015 αὐτοῖς
878 1971 1025 2011 θάνατον
1048 1974 1132 2025 ὑπὲρ

109 2027 169 2061 τοῦ
195 2025 286 2063 Θεοῦ
320 2024 418 2069 δόξαν
444 2026 502 2064 καὶ
523 2026 626 2076 τιμὴν
647 2031 826 2079 ἡγοῦνται.
887 2031 957 2070 Καὶ
977 2032 1045 2071 ἀπὸ
1073 2036 1131 2070 τοῦ

107 2082 276 2134 ἡμετέρου
320 2083 426 2133 νόμου
470 2085 759 2138 κατακέκρινται,
797 2088 915 2136 ἐπειδὴ
957 2089 1017 2128 καὶ
1055 2089 1132 2135 τοὺς

108 2140 290 2192 ἡμετέρους
310 2142 515 2195 προγόνους,
535 2143 613 2188 τοὺς
633 2146 797 2198 ἀρχαίους
817 2150 970 2200 πατέρας
989 2149 1048 2188 καὶ
1069 2153 1132 2201 βα·

106 2199 224 2246 σιλεῖς,
236 2199 395 2248 ἓσίαναν,
411 2202 467 2240 καὶ
488 2202 531 2240 τὰ
551 2202 628 2256 ξίφη
645 2208 744 2254 ἡμῶν
763 2205 963 2256 ἤμὸλυναν,
984 2209 1080 2248 αὐτοὶ
1098 2209 1133 2247 δὲ

107 2257 167 2294 οὐκ
188 2257 367 2307 ἀπέκαμον
399 2264 460 2298 τοῦ
487 2262 683 2303 ἀποθανεῖν.
741 2266 991 2313 Πεπλάνηνται
1016 2262 1074 2307 οὖν
1096 2268 1131 2307 ἔν

109 2316 339 2369 τινιἸουδαίῳ
353 2320 620 2373 ἐσταυρωμένῳ,
637 2322 695 2360 καὶ
708 2322 785 2367 τοὺς
801 2327 951 2376 βασιλεῖς
961 2327 1131 2376 ἀτιμάσαι

106 2373 323 2422 διδάσκουσι,
337 2378 396 2414 καὶ
416 2376 535 2422 αὐτοὺς
553 2379 630 2423 τοὺς
647 2380 739 2425 θεοὺς
757 2382 1025 2433 ἐξουθενοῦντες,
1041 2387 1130 2425 ἀλλὰ

106 2431 164 2468 καὶ
186 2432 243 2475 τὰς
263 2434 423 2484 δυνάμεις
440 2439 506 2474 τῶν
525 2438 716 2491 φωστήρων
735 2441 833 2486 ἡλίου
851 2458 887 2480 τε
904 2443 964 2481 καὶ
983 2445 1131 2492 σελήνης

107 2488 180 2538 ἅμα
207 2493 277 2535 τοῖς
303 2493 432 2537 λοιποῖς
462 2493 598 2547 ἄστροις
621 2499 666 2541 ὡς
685 2498 781 2538 οὐδὲν
804 2501 1018 2552 λογίζονται,
1040 2505 1129 2542 ἀλλὰ

107 2546 283 2597 ποιήματα
294 2549 450 2601 λέγουσιν
468 2546 554 2591 εἶναι
572 2556 747 2596 αὐτοῦτοῦ
767 2559 1054 2611 ἐσταυρωμένου,
1071 2562 1131 2600 καὶ

107 2606 167 2650 τὴν
187 2607 249 2654 γῆν
272 2606 409 2646 ἅπασαν
438 2612 654 2659 μετέστησαν
676 2615 745 2652 ἀπὸ
766 2619 827 2663 τῆς
853 2620 922 2655 τῶν
951 2622 1035 2657 θεῶν
1063 2621 1130 2658 λα-

107 2661 220 2712 τρείας
233 2690 243 2709 ,
262 2663 350 2702 ὥστε
372 2666 431 2704 καὶ
456 2667 516 2712 τὰς
537 2678 701 2720 γυναῖκας
720 2673 789 2712 ἀπὸ
810 2676 941 2728 ἀνδρῶν
973 2678 1033 2716 καὶ
1053 2677 1130 2722 τοὺς

107 2719 230 2770 ἄνδρας
250 2721 318 2759 ἀπὸ
348 2729 516 2775 γυναικῶν
548 2726 597 2766 ἔτι
617 2731 751 2773 ζώντων
773 2734 1063 2786 ἀποχωρίζουσιν.

158 2779 179 2827 5
210 2780 272 2818 68.
294 2781 336 2819 Εἰ
366 2784 423 2820 καὶ
463 2786 639 2836 μεγίσταις
672 2791 830 2836 ἀπειλαῖς
861 2793 919 2831 καὶ
956 2795 1131 2848 διαφόροις

193 2834 201 2847 ¹
308 2839 318 2852 t
429 2841 439 2856 1

109 2835 271 2884 βασανοις
306 2840 570 2892 υπεὸληθησαν,
601 2849 852 2901 περισσοτέρως
891 2853 1027 2900 ἀνήφθη
1069 2856 1128 2892 καὶ

108 2891 262 2931 διέλαὸεν
296 2895 355 2934 καὶ
384 2899 525 2938 διέδωκε
556 2905 577 2947 ἡ
613 2906 776 2955 θρησκεία
807 2911 935 2960 αὐτῶν,
958 2892 1018 2949 καὶ
1049 2912 1127 2951 ὅσον

107 2950 366 3000 προσεθήκαμεν
389 2955 449 2999 τὰς
474 2959 698 3010 ἐκφοὸήσεις,
716 2966 737 3009 ἡ
760 2967 995 3019 αἱματοχυσία
1014 2971 1127 3008 αὐτῶν

109 3006 192 3057 ὑπὲρ
211 3007 249 3045 τὸ
276 3010 347 3050 δέον
369 3013 572 3055 ἐπλεόνασεν
605 3019 665 3065 τὴν
697 3023 854 3075 διδαγήν.
912 3027 1049 3074 Συνέὸη
1070 3022 1128 3067 οῧν

109 3064 242 3134 θεωρεῖν
274 3084 316 3116 με
345 3071 412 3108 ἀπὸ
441 3077 502 3120 τῆς
525 3077 634 3114 αὐτῶν
664 3068 845 3130 θρησκείας
871 3085 1010 3124 νεάνιδα
1045 3087 1127 3137 μίαν

110 3125 364 3189 ευμορφοτάτην
385 3131 572 3183 παρθένον,
592 3135 651 3173 καὶ
679 3139 887 3188 βουλομένου
919 3158 984 3192 μου
1017 3144 1126 3192 αὐτὴν

109 3175 229 3249 λαῗειν
254 3182 300 3225 εἷς
325 3189 491 3238 γυναῖκα,
511 3192 705 3241 ἐτόλμησαν
725 3197 784 3235 καὶ
803 3199 931 3247 ταύτην
953 3203 1128 3241 δολιεῧσαι

112 3248 161 3270 απ
193 3237 295 3284 ἐμοῦ·
317 3242 374 3279 καὶ
394 3245 469 3283 οὐδὲ
489 3250 533 3291 ὡς
554 3253 698 3300 βασιλέα
715 3255 955 3310 ἐπεθύμησαν,
973 3262 1050 3299 οὐδὲ
1066 3261 1128 3305 τὰς

111 3292 253 3337 ἀπειλάς
270 3310 334 3343 μου
351 3300 563 3351 ἔφοὸήθησαν
577 3337 586 3354 ,
604 3313 733 3356 μᾶλλον
743 3312 777 3351 δὲ
792 3315 848 3353 διὰ
863 3315 925 3362 τὴν
940 3319 1125 3369 θρησκείαν

63 3408 67 3412 4
111 3350 224 3388 αὖτῶν
243 3354 426 3404 βδελυκτὸν
452 3363 509 3399 καὶ
531 3365 719 3418 ἀκάθαρτον
753 3373 810 3410 καὶ
839 3375 976 3413 σιαντὸν
1008 3378 1120 3428 ἐλογί-

1007 169 1333 212 AGATHANGE.

1208 258 1304 294 aussi
1323 256 1344 292 a
1363 254 1545 303 mepriser
1564 253 1620 290 les
1645 254 1785 302 images
1805 253 1870 290 des
1895 253 2030 301 dieux;
2047 255 2093 292 ils
2106 255 2161 293 les
2179 269 2203 294 ο

1208 324 1292 351 tous
1305 313 1501 362 repousses
1522 311 1570 348 de
1597 312 1683 348 leur
1699 312 1819 357 culte3
1839 313 1883 348 ils
1913 321 2098 363 engagent
2122 315 2223 353 mem
2248 364 2250 366 q

1209 373 1261 411 les
1279 373 1431 409 femmes
1447 372 1467 407 a
1483 370 1735 407 abandonner
1754 371 1855 407 leurs
1870 373 2004 417 maris,
2021 380 2058 409 et
2069 374 2123 410 les
2134 375 2250 413 maris

1206 433 1305 468 leurs
1326 431 1492 467 femmes.

1264 490 1299 539 [S
1314 488 1396 539 68.]
1415 504 1432 522 α
1444 490 1491 524 Et
1500 489 1725 537 cependant,
1738 489 1827 525 bien
1837 502 1910 538 que
1922 489 2018 526 nous
2032 491 2116 528 leur
2130 503 2249 540 ayons

1207 547 1333 596 inflige
1347 548 1412 583 des
1423 548 1552 596 peines
1568 554 1605 584 et
1618 547 1683 583 des
1695 547 1906 596 supplices,
1921 549 1965 584 ils
1977 547 2257 601 s'entlamment:¹

1210 619 1347 643 encore
1371 607 1583 654 davantage
1592 634 1602 650 ‚
1612 612 1649 642 et
1660 607 1744 642 leur
1753 615 1852 643 secte
1865 620 1904 644 se
1916 608 2063 656 repand
2077 617 2246 657 pat-tout.

1209 666 1280 702 J’ai
1301 678 1349 700 vu
1377 678 1451 701 une
1471 665 1587 712 jeune
1607 673 1644 701 et
1662 665 1759 701 belle
1783 667 1912 716 vierge
1939 667 1987 703 de
2018 667 2102 703 leur
2124 675 2249 714 secte,

1206 723 1273 770 j’ai
1292 724 1407 759 voulu
1428 736 1475 759 en
1497 724 1590 759 faire
1609 737 1701 759 mon
1721 726 1882 772 epouse,
1898 731 1935 761 et
1953 725 1999 761 ils
2015 731 2083 761 ont
2102 726 2166 762 ose
2189 739 2254 764 me>

1208 784 1244 818 la
1256 784 1371 819 ravir.
1388 784 1420 818 N
1424 784 1708 819 on—seulement
1725 785 1795 820 elle
1810 796 1859 820 ne
1882 783 1939 820 fut
1959 785 2074 832 point
2097 784 2190 822 dans
2215 785 2253 823 le

1208 843 1451 878 ravissement
1486 842 1534 878 de
1556 842 1713 878 devenir
1733 855 1796 878 ma
1828 855 2059 892 compagne,
2079 845 2160 880 moi
2181 857 2250 882 son

1207 902 1289 947 roi,
1312 901 1406 936 mais
1436 901 1526 937 elles
1551 908 1675 937 tontes
1703 915 1750 938 ne
1780 903 2011 951 craignirent
2041 903 2151 951 point
2172 915 2258 940 mes

1208 972 1402 1006 menaces;
1421 968 1459 996 et
1479 973 1627 996 comme
1645 961 1684 1007 je
1704 961 1962 1010 n’appartiens
1986 962 2099 1010 point
2124 961 2147 998 ἐι
2167 963 2253 1000 leur

1208 1026 1302 1055 secte
1312 1048 1322 1068 ,
1341 1020 1429 1055 elles
1444 1032 1505 1055 me
1522 1019 1771 1068 regarderent
1785 1032 1934 1056 comme
1948 1033 2003 1056 un
2016 1021 2096 1058 etre
2109 1021 2251 1070 impur,

1208 1079 1342 1113 souille
1365 1085 1402 1113 et
1419 1079 1683 1123 abominable‚
1704 1087 1741 1114 et
1766 1092 1818 1114 on
1837 1079 1883 1114 l'a
1907 1079 1975 1115 fait
1990 1078 2067 1116 fuir
2082 1079 2176 1116 dans
2198 1080 2252 1117 les

1208 1150 1300 1185 pays
1323 1138 1464 1173 soumis
1493 1137 1512 1173 a
1543 1145 1581 1173 ta
1604 1138 1860 1175 domination.
1883 1139 2138 1186 Maintenant‚
2157 1152 2254 1176 mon

1208 1196 1328 1242 frere,
1355 1196 1422 1232 fais
1441 1208 1487 1232 en
1511 1204 1613 1232 sorte
1645 1197 1692 1233 de
1714 1198 1767 1233 les
1798 1204 1998 1234 retrouver
2016 1204 2171 1248 partout
2199 1198 2252 1235 οὺ

1208 1256 1296 1291 81185
1324 1263 1472 1301 seront‚
1496 1257 1567 1291 tire
1598 1268 1813 1305 vengeance
1852 1256 1900 1292 de
1934 1257 2044 1294 celles
2073 1258 2140 1306 qui
2165 1264 2254 1294 sont

1209 1326 1298 1350 avec
1316 1315 1386 1350 elle
1408 1322 1445 1350 et
1462 1314 1509 1350 de
1531 1327 1569 1351 sa
1596 1316 1836 1363 superieure‚
1853 1323 1891 1352 et
1910 1316 2062 1352 fais—les
2087 1317 2249 1354 mourir.
2268 1319 2270 1326 ‘

1209 1373 1338 1420 Quant
1353 1375 1373 1410 a
1389 1375 1425 1410 la
1439 1375 1537 1410 belle
1554 1382 1592 1410 et
1611 1375 1739 1410 divine
1759 1374 1916 1424 fugitive
1929 1405 1939 1421 ‚
1959 1375 2151 1412 envoie-la
2164 1375 2254 1426 pres

1208 1503 1350 1535 consorti
1368 1503 1549 1536 Tei-edatoe.
1567 1505 1668 1536 Notas
1689 1504 1771 1536 facio
1792 1504 1987 1538 fraternitati
2005 1507 2075 1538 tuae
2090 1507 2124 1539 et
2140 1505 2252 1539 throni

1207 1573 1310 1605 sodali
1320 1582 1392 1606 meo
1403 1574 1618 1614 calamitates,
1627 1583 1710 1615 quas
1720 1583 1850 1616 semper
1859 1575 2005 1617 patimur
2014 1584 2074 1618 per
2085 1577 2250 1610 errantem

1207 1643 1472 1685 superstitionem
1489 1643 1754 1677 christianorum.
1776 1645 1918 1681 Omnino
1934 1645 2022 1678 enim
2037 1645 2252 1688 vilipenditur
2274 1679 2276 1682 ,

1207 1714 1384 1747 dominatio
1409 1717 1520 1748 nostra
1548 1715 1589 1748 ab
1607 1725 1720 1748 eorum
1742 1716 2010 1758 congregatione,
2037 1718 2072 1750 et
2102 1716 2144 1750 ab
2169 1711 2265 1760 ipsis'

1208 1785 1430 1817 contemnitur
1439 1785 1614 1827 imperIum
1626 1787 1787 1818 nostrum.
1799 1788 1881 1818 Nam
1891 1786 1937 1819 illi
1950 1786 2063 1819 colunt
2077 1789 2251 1820 mortuum

1206 1843 1367 1896 quendam
1399 1857 1432 1887 et
1461 1855 1672 1896 crucifixum,
1699 1858 1732 1888 et
1767 1855 1892 1898 lignum
1925 1856 2079 1896 adorant,
2108 1858 2142 1890 et
2174 1865 2250 1890 ossa
2275 1899 2279 1902 ι

1207 1925 1413 1956 mortuorum
1443 1925 1623 1965 honorant,
1644 1926 1678 1958 et
1695 1925 1739 1958 ob
1767 1925 1824 1958 illa
1845 1927 1987 1959 mortem
2017 1935 2076 1968 pro
2097 1928 2167 1959 Deo
2189 1936 2250 1960 suo

1206 1997 1316 2039 gloriae
1345 1998 1408 2031 sibi
1435 1999 1570 2031 vertunt
1595 2001 1629 2032 et
1654 1999 1781 2032 honori.
1812 2001 1875 2032 Per
1892 1999 1998 2042 legem
2021 2001 2169 2033 nostram
2188 2000 2247 2034 da-

1205 2070 1307 2103 mnati
1320 2072 1413 2112 sunt,
1423 2072 1693 2114 quandoquidem
1703 2073 1926 2114 progenitores
1939 2075 2070 2106 nostros
2079 2098 2087 2114 ‚
2097 2073 2251 2115 antiquos
2279 2118 2282 2123 .

1205 2148 1316 2186 patres
1333 2147 1366 2178 et
1381 2147 1596 2188 imperatores
1609 2172 1617 2187 ,
1631 2147 1833 2189 contemptui
1847 2147 2035 2180 habuerunt
2045 2172 2054 2188 ‚
2074 2148 2109 2180 et
2123 2146 2250 2190 gladios

1204 2221 1335 2252 nostros
1353 2219 1576 2262 obtuderunt7
1594 2220 1642 2253 illi
1659 2229 1737 2253 vero
1755 2219 1925 2252 moriendo
1953 2229 2019 2252 non
2037 2221 2115 2252 sunt
2127 2219 2249 2253 defati-
2280 2215 2281 2218 ’

1205 2291 1281 2332 gati.
1300 2293 1436 2335 Decepti
1455 2295 1567 2326 autem
1586 2294 1664 2326 sunt
1686 2293 1774 2325 circa
1799 2291 1964 2334 quendam
1993 2291 2148 2324 Judaeum
2170 2300 2244 2324 cru-
2280 2323 2282 2327 ,

1204 2364 1355 2405 cifixum‚
1375 2365 1574 2408 discuntque
1592 2366 1724 2408 regibus
1738 2365 1897 2398 honorem
1913 2374 1978 2398 non
1998 2365 2138 2406 hahere,
2154 2365 2245 2408 ipsos

1203 2444 1335 2477 quoque
1362 2437 1441 2470 deos
1461 2438 1554 2471 nihili
1573 2439 1738 2471 facientes.
1759 2441 1883 2472 Verum
1899 2439 1933 2471 et
1950 2439 2132 2480 potestates
2147 2438 2246 2472 lumi-

1203 2510 1348 2550 narium,
1365 2511 1444 2544 solis
1459 2513 1492 2544 et
1505 2512 1592 2544 lunae
1603 2538 1611 2553 ‚
1627 2514 1660 2545 et
1672 2513 1875 2554 reliquorum
1888 2514 2054 2545 astrorum
2071 2521 2129 2554 pro
2142 2512 2248 2545 nihilo
2282 2500 2284 2502 V

1203 2583 1327 2617 habent
1341 2611 1349 2626 ,
1367 2586 1427 2619 sed
1442 2596 1540 2628 opera
1557 2597 1629 2620 esse
1647 2587 1762 2620 dicunt
1784 2587 1934 2620 crucifixi
1957 2587 2009 2620 sui
2020 2589 2210 2629 ‚totamque
2225 2596 2247 2620 a

1203 2658 1339 2691 deorum
1358 2660 1449 2693 cultu
1465 2662 1700 2694 abstraxerunt
1722 2663 1844 2694 terram
1856 2687 1865 2703 ,
1883 2662 1921 2694 ut
1939 2662 1973 2694 et
1991 2670 2111 2694 uxores
2132 2670 2152 2694 a
2173 2669 2244 2693 ma·
2279 2705 2283 2708 .

1202 2733 1293 2774 ritis,
1313 2735 1346 2766 et
1364 2734 1426 2766 viri
1441 2735 1483 2767 ab
1498 2735 1657 2768 uxoribus
1676 2735 1856 2768 etiamnum
1873 2735 2063 2768 viventibus
2078 2734 2244 2768 secedant.
2280 2772 2282 2774 ,

1243 2800 1261 2840 §
1277 2804 1328 2833 68.
1347 2801 1482 2833 Etiamsi
1501 2804 1612 2835 autem
1629 2802 1830 2844 gravissimis
1849 2801 2175 2841 comminationibus,
2188 2810 2246 2834 va·

1202 2858 1322 2899 riisque
1347 2860 1486 2901 subjecti
1512 2861 1633 2894 fuerint
1661 2861 1846 2903 suppliciis,
1875 2863 1986 2894 tamen
2010 2861 2157 2903 ipsorum
2186 2869 2244 2893 su-

1200 2918 1349 2957 perstitio
1378 2919 1484 2960 magis
1510 2929 1645 2952 accensa
1662 2921 1837 2961 pluresque
1865 2920 2034 2961 complexa
2059 2921 2128 2960 est,
2149 2921 2183 2952 et
2209 2927 2246 2952 se
2284 2959 2285 2962 Ἴ

1201 2974 1426 3009 disseminavit
1441 2992 1448 3009 ι
1463 2980 1625 3018 quantum
1637 2979 1792 3012 auximus
1805 2981 1948 3012 terrores
1957 3004 1965 3019 ‚
1979 2980 2108 3012 tantum
2123 2977 2244 3011 effusio
2286 3023 2287 3027 Ἰ

1201 3034 1367 3075 sanguinis
1393 3045 1507 3068 eorum
1527 3046 1626 3078 supra
1652 3047 1785 3079 aequum
1802 3037 2034 3080 multiplicavit
2061 3037 2246 3070 doctrinam
2289 3051 2294 3089 ξ

1200 3092 1356 3133 ipsorum.
1378 3094 1522 3136 Contigit
1540 3098 1671 3137 autemf
1693 3099 1732 3130 ut
1759 3097 1907 3130 viderem
1926 3097 2057 3129 illorum
2084 3095 2244 3138 supersti·
2282 3091 2294 3136 a*

1201 3150 1299 3184 tionis
1338 3153 1480 3193 puellam
1527 3155 1691 3195 quandam
1704 3181 1712 3195 ‚
1747 3155 1907 3198 virginem
1946 3155 2222 3198 speciosissimam
2233 3178 2242 3194 ,

1199 3220 1298 3251 quam
1313 3221 1387 3244 cum
1398 3222 1535 3246 uxorem
1550 3215 1670 3248 ducere
1679 3216 1808 3255 vellem,
1821 3215 1893 3248 ausi
1906 3217 1984 3249 sunt
2001 3217 2035 3248 et
2049 3214 2133 3247 hanc
2145 3214 2243 3247 dece·
2291 3201 2294 3230 ξ

1200 3270 1289 3309 ptam
1313 3280 1332 3302 a
1348 3279 1400 3303 me
1419 3271 1559 3304 alienare
1582 3286 1589 3304 :
1607 3275 1641 3305 et
1658 3283 1764 3314 neque
1779 3275 1817 3305 ut
1834 3274 2066 3314 imperatorem
2083 3281 2137 3304 me
2154 3272 2240 3305 desi-

1200 3326 1396 3360 deraverunt
1409 3354 1416 3368 ‚
1438 3339 1544 3370 neque
1560 3331 1665 3363 minas
1683 3340 1773 3364 meas
1795 3331 1999 3369 timuerunt3
2015 3330 2074 3363 sed
2098 3339 2156 3372 per
2181 3339 2240 3363 su-

1199 3385 1423 3425 perstitionem
1437 3397 1530 3420 suam
1546 3388 1657 3430 potius
1669 3398 1723 3422 me
1736 3391 1775 3422 ut
1787 3389 2018 3422 detestandum
2028 3390 2062 3422 et
2074 3389 2241 3431 impurum
