2294 3620
20 292 31 297 „
46 271 96 309 de
114 269 247 316 bijoux
265 270 311 307 de
331 270 432 318 prix.
451 270 573 305 Leurs
592 269 766 315 esclaves,
783 276 866 305 tant
878 269 994 305 males
1013 281 1088 317 que

16 338 25 357 <
47 330 215 366 femelles
230 357 240 375 ,
263 330 317 365 les
335 335 485 365 servent
502 329 591 376 plus
608 340 684 376 que
706 329 809 365 leurs
827 329 975 377 epoux3
1003 328 1091 364 elles

14 383 25 421 ἰ
47 394 222 425 montent
247 389 269 424 a
286 388 419 435 cheval
434 394 472 423 et
487 387 1021 438 quelques-unes‘s’habillent
1043 386 1092 423 de

46 448 170 484 vetem
179 453 262 484 ents
282 447 384 483 tisses
413 446 498 482 d'or
513 452 552 482 et
574 447 737 483 enrichis
766 447 814 483 de
832 447 977 495 pierres
999 446 1090 495 pre-

23 539 25 541 .
49 507 205 545 cieuses,
228 508 298 544 Ces
315 506 472 542 femmes
488 505 729 542 n'observent
748 518 818 555 pas
840 506 876 542 la
905 505 1091 551 chastetd,

47 566 142 603 mais
171 564 261 602 elles
292 565 573 601 entretiennent
605 564 671 601 des
697 565 881 601 relations
905 564 1095 601 adulteres

47 637 139 662 avec
159 625 265 661 leurs
285 625 447 660 esclaves
467 621 518 675 (1)
539 631 578 660 et
604 636 696 660 avec
724 625 777 660 les
804 625 1002 674 etrangers
1028 624 1096 672 qui

29 719 31 721 ,
49 685 229 720 viennent
246 683 338 720 dans
358 695 400 719 ce
419 695 536 732 pays3
556 691 594 720 et
611 684 712 720 leurs
732 684 846 719 maris
865 696 913 720 ne
929 684 983 720 les
1006 683 1092 719 bla-

10 739 152 787 ξιιιειιι
168 743 280 792 point
298 755 401 792 pour
419 743 511 779 cela.
545 743 614 780 Ces
645 742 800 779 semines
817 756 841 778 n
846 743 927 779 'ont
949 755 1096 778 aucune

7 803 213 854 ζει-3ἱιιιε,
235 814 301 838 car
327 803 380 839 les
406 802 593 839 Caschans
613 802 858 838 considerent
877 803 978 838 leurs
998 801 1093 838 fem-

18 870 126 899 mes
155 873 305 898 comme
330 863 434 898 etant
468 873 533 897 au·
538 861 667 897 dessus
708 861 838 899 d'eux.
872 861 1094 910 Cependant

26 933 146 958 nous
165 933 215 957 ne
233 933 414 974 pouvons
438 933 506 969 pas
529 920 610 956 dine
634 920 682 957 de
708 927 830 956 toutes
859 920 912 956 les
938 920 1093 956 femmes

0 953 25 1001 ’ζ
49 980 293 1017 bactriennes
327 994 380 1029 qu
382 980 484 1016 'elles
511 987 597 1016 sont
628 981 717 1016 nees
755 980 909 1028 lorsque
946 980 1094 1025 Venus,

0 1031 27 1098 ,ἕ
48 1041 149 1076 Mars
174 1047 211 1076 et
242 1038 396 1089 Jupiter
421 1052 459 1076 se
488 1040 708 1075 trouvaient
735 1039 836 1075 dans
856 1039 891 1074 le
921 1039 1027 1087 signe
1047 1038 1095 1075 de

0 1077 28 1162 Ξ(
48 1099 168 1145 Mars,
188 1111 238 1136 au
252 1107 381 1135 centre
399 1099 453 1135 du
470 1099 542 1135 ciel
555 1099 741 1146 ,epoque
765 1098 786 1134 3
806 1098 974 1146 laquelle
992 1098 1092 1134 nais-

0 1162 29 1205 ,ἶ
48 1166 130 1195 sent
152 1159 205 1194 les
224 1158 382 1195 femmes
396 1158 520 1194 riches
540 1164 577 1194 et
595 1156 804 1206 adulteiQes
823 1164 861 1193 et
885 1157 950 1205 qui
970 1156 1094 1192 domi-

13 1225 141 1259 afnent
164 1219 266 1254 leurs
285 1219 413 1266 epoux
442 1230 489 1254 en
512 1224 637 1254 toutes
659 1218 806 1253 choses.

0 598 29 972 W'AEWZ‘‚

639 178 703 218 LE
730 178 881 219 LlVRE
910 178 978 217 DE
1005 177 1073 217 LA
1099 176 1184 218 LOI
1212 177 1310 218 DES
1339 172 1614 220 CONTREES.

2159 194 2210 233 85

1169 268 1325 305 Arabes.
1349 289 1400 296 —
1421 269 1519 305 Chez
1538 270 1591 305 les
1617 271 1863 318 Racamiens,
1888 274 1941 310 les
1959 267 2207 316 Edesseniens

1168 335 1206 364 et
1220 328 1273 364 les
1291 328 1436 364 Arabes
1455 326 1524 377 (2),
1543 329 1578 365 la
1598 329 1734 366 femme
1759 332 1825 379 qui
1846 341 2011 370 commet
2029 348 2081 370 un
2097 337 2207 374 adul-

1168 386 1264 433 tere,
1285 388 1606 424 non—seulement
1619 392 1674 426 est
1688 389 1779 425 mise
1796 382 1947 438 amort,
1963 394 2054 429 mais
2072 406 2208 433 encore

1169 447 1264 483 celle
1284 454 1417 484 contre
1439 448 1506 496 qui
1525 446 1659 484 s'eleve
1676 449 1711 484 le
1738 461 1914 498 soupcon
1929 450 2139 490 d'adultere
2153 462 2209 491 est

1170 507 1288 556 punie
1309 506 1358 543 de
1377 507 1415 542 la
1437 507 1561 543 meme
1577 507 1761 544 maniere.

1226 567 1296 604 Les
1314 567 1386 602 lois
1410 566 1584 604 d'flatra.
1607 587 1661 594 -—
1689 567 1723 602 Il
1745 567 1862 603 existe
1881 567 1902 603 a
1920 569 2041 605 Hatra
2064 582 2140 606 une
2159 571 2212 607 loi

1172 627 1238 674 qui
1256 626 1369 674 punit
1388 625 1436 662 de
1458 626 1493 661 13
1509 624 1721 674 lapidation
1741 627 1963 676 quiconque
1980 636 2144 665 commet
2159 642 2213 666 un

1169 686 1257 731 vol,
1280 685 1405 721 meme
1428 685 1518 721 d'un
1538 685 1643 733 objet
1662 686 1709 722 de
1729 686 1853 722 mince
1874 687 2020 725 valeur.
2044 688 2141 724 Chez
2159 689 2212 725 les

1170 745 1376 789 Caschans,
1395 757 1447 780 on
1471 744 1606 780 crache
1622 757 1671 781 au
1689 745 1815 794 visage
1836 745 1884 781 de
1902 746 1999 781 celui
2022 747 2088 794 qui
2106 759 2212 783 com-

1170 812 1248 840 met
1263 817 1317 840 un
1329 805 1393 839 vol
1420 804 1619 853 analogue.
1639 805 1736 841 Chez
1759 805 1813 841 les
1832 806 2032 851 Romains,
2053 807 2211 854 quicon·

1170 876 1245 912 que
1276 871 1441 900 commet
1459 877 1511 900 un
1532 864 1597 900 vol
1615 877 1698 900 sans
1723 866 1960 913 importance
1987 872 2043 901 est
2072 865 2214 902 fouette

1171 931 1209 959 et
1227 923 1358 962 banni.
1379 924 1437 959 De
1452 923 1597 960 -l'autre
1614 923 1700 960 cote
1721 924 1769 960 de
1796 924 2039 973 l'Euphrate‚
2062 933 2099 961 et
2126 938 2211 962 vers

1171 980 1356 1026 l’Orient‚
1383 983 1482 1018 celui
1502 983 1570 1031 qui
1598 990 1653 1019 est
1684 984 1847 1032 signale‚
1871 984 1945 1020 soit
1972 997 2121 1021 comme
2139 997 2211 1021 vo-

1174 1042 1272 1088 leur,
1296 1042 1369 1078 soit
1386 1054 1535 1078 comme
1552 1043 1725 1088 assassin,
1743 1055 1792 1079 ne
1808 1042 1885 1079 s'en
1904 1044 2123 1092 pre'occupe
2149 1056 2217 1093 pas

1171 1101 1393 1150 beaucoup·
1385 1129 1395 1147 ‚
1414 1104 1524 1147 mais,
1541 1102 1669 1149 quand
1682 1114 1734 1137 un
1751 1102 1905 1138 homme
1925 1110 1981 1139 est
1994 1104 2129 1152 appele'
2147 1104 2217 1152 pe-

1173 1160 1338 1210 deraste‚
1364 1161 1392 1196 il
1422 1173 1460 1197 se
1488 1173 1609 1209 venge
1628 1161 1759 1197 31οι5”
1745 1161 1872 1210 Jusqu'
1875 1161 1896 1197 a
1915 1169 2051 1198 mettre
2073 1162 2095 1198 a
2115 1170 2218 1199 mort

1175 1220 1273 1256 celui
1294 1220 1361 1269 qui
1377 1219 1425 1256 l'a
1442 1221 1594 1259 insulte'.

0 1282 33 1329 ξ
99 1279 172 1313 Les
191 1278 263 1313 lois
279 1277 346 1313 des
359 1273 606 1323 Racamiens,
630 1276 694 1312 des
709 1266 955 1312 Edesseniens
977 1282 1014 1311 et
1030 1275 1096 1311 des
1138 1314 1140 1316 ,

5 1332 17 1353 «1

0 1353 17 1381 ᾗ

10 1410 229 1448 collection
245 1410 305 1442 des
317 1410 418 1451 petits
430 1409 634 1451 geographes
653 1407 765 1449 grecs)
781 1407 926 1440 attribue
947 1407 978 1439 la
993 1408 1102 1440 meme

10 1478 13 1480 -
51 1458 207 1490 coutume
223 1465 288 1488 aux
300 1456 494 1489 Libournes.

97 1503 144 1546 (2)
163 1504 309 1536 Cureton
321 1503 380 1535 fait
397 1503 556 1536 observet
569 1511 633 1544 que
646 1502 695 1535 les
712 1501 838 1535 Arabes
858 1503 933 1534 sont
946 1502 1097 1544 designes

89 1361 271 1405 (1)Scylax
302 1361 488 1404 (Pe'riple‚
510 1371 544 1403 p
565 1364 616 1401 27,
637 1362 664 1394 t.
682 1362 717 1401 Ι,
743 1360 795 1393 ed.
820 1360 942 1400 Didot,
969 1359 1052 1392 dans
1073 1359 1106 1392 ia

1137 1361 1147 1453 φ
1184 1361 1266 1394 dans
1286 1362 1319 1393 la
1334 1361 1465 1395 version
1482 1362 1641 1403 peschito
1659 1362 1816 1404 (simple)
1834 1362 1876 1395 de
1887 1363 1920 1394 la
1929 1362 2022 1396 Bible
2033 1388 2040 1402 ‚
2056 1371 2115 1405 par
2133 1364 2207 1396 «Ba

1178 1409 1301 1441 Rakam
1311 1422 1326 1436 »
1343 1408 1457 1450 (Jud.,
1478 1411 1534 1448 VI,
1554 1409 1598 1450 3).
1614 1409 1797 1442 Aboulseda
1813 1409 2000 1442 mentionne
2013 1419 2076 1442 une
2089 1409 2165 1442 ville
2178 1410 2219 1444 de

1178 1453 1294 1487 Rakim
1309 1457 1385 1496 pres
1398 1456 1438 1488 de
1451 1456 1561 1495 Bellus,
1576 1455 1657 1487 dont
1675 1456 1723 1488 les
1741 1457 1885 1489 maisons
1903 1458 1977 1488 sont
1992 1456 2119 1489 taillees
2135 1457 2217 1490 dans

1177 1500 1209 1533 le
1222 1510 1280 1534 roc
1297 1501 1307 1542 (
1323 1503 1457 1543 Geoqr„
1476 1503 1568 1534 texte
1584 1502 1694 1543 arabe,
1715 1512 1769 1544 pg.
1795 1506 1867 1543 227,
1887 1503 1939 1535 ed.
1955 1503 2103 1536 Reinaud
2114 1502 2139 1545 ).

618 1642 802 1683 Eusebius,
824 1643 1002 1684 Praeparat.
1025 1642 1185 1685 evangel„
1202 1643 1259 1682 VI,
1282 1641 1344 1674 loc.
1366 1641 1479 1683 cie.‚§
1503 1643 1662 1674 11-12-13.

17 1730 22 1733 '
53 1721 122 1761 ὑπὸ
150 1721 347 1760 παιδίσκων
381 1719 442 1759 καὶ
471 1720 664 1759 νεανίσκων
697 1721 830 1770 μᾶλλον
864 1719 887 1766 ἢ
911 1720 942 1757 οἱ
963 1718 1097 1772 ἄνδρες·

35 1781 314 1834 Ἰπροερχόμεναι
345 1779 436 1832 μετὰ
464 1781 597 1827 πολλῆς
619 1778 813 1832 φαντασίας
845 1777 1012 1831 ἔφιπποι,
1036 1794 1099 1817 κο-

56 1845 209 1893 σμοῦσαι
225 1841 347 1893 πολλῷ
364 1841 486 1893 χρυσῷ
507 1838 568 1877 καὶ
583 1838 690 1882 λίθοις
712 1837 917 1891 βαρυτίμοις
937 1837 1017 1882 τοὺς
1038 1837 1099 1877 ἵπ-

54 1915 152 1943 πους·
175 1899 237 1938 καὶ
255 1900 293 1937 οὗ
311 1902 563 1953 σωφρονοῦσιν,
585 1896 662 1936 ἀλλ’
690 1898 886 1950 ἀδιαφόρως
900 1901 1103 1936 κοινωνοῦσι

4 1963 5 1966 ’
54 1960 126 2003 τοῖς
146 1958 279 2003 δούλοις
307 1959 366 1998 καὶ
398 1963 469 2002 τοῖς
498 1957 627 2003 ξένοις,
659 1957 779 1995 ἄδειαν
805 1956 950 2009 ἔχουσαι
983 1957 1103 1995 τοιαύ-

55 2034 139 2067 την,
171 2018 232 2057 καὶ
252 2018 319 2056 ὑπὸ
345 2020 416 2057 τῶν
436 2018 570 2070 ἀνδρῶν
597 2015 646 2068 μὴ
675 2016 954 2068 ἐγκαλούμεναι,
975 2015 1099 2068 σχεδὸν

6 2092 7 2095 ’
62 2077 279 2129 κυριεύουσιν
303 2078 434 2116 αὐτῶν.
465 2076 537 2116 Καὶ
563 2077 601 2115 οὗ
631 2075 771 2119 πάντως
799 2076 835 2113 ἓν
870 2074 968 2126 πάσῃ
1005 2075 1102 2126 γενέ-

57 2152 110 2176 σει
152 2139 221 2176 τῶν
268 2138 303 2176 ἐν
340 2135 501 2189 Βακτρία
548 2137 723 2187 γυναικῶν
765 2137 976 2187 μεσουρανεῒ
1011 2134 1101 2184 μετὰ

32 2196 137 2241 ’Διὸς
155 2197 217 2236 καὶ
237 2195 359 2251 Ἄρεος
387 2197 422 2234 ἐν
444 2194 542 2239 ἰδίοις
575 2194 666 2247 ὅροις
697 2197 719 2241 ἣ
753 2193 947 2247 φιλογέλως
976 2193 1102 2246 Ἀφρο-

0 2305 2 2309 y
57 2255 150 2304 ὃίτη.

111 2317 134 2366 §
170 2330 231 2354 12.
265 2315 328 2355 Ἔν
359 2315 395 2353 δὲ
423 2317 467 2367 τῇ
499 2312 650 2366 Ἀραὸία
679 2312 741 2351 καὶ
769 2315 813 2366 τῇ
843 2311 1025 2364 Ὀσροηνῇ
1062 2312 1100 2350 οὐ

23 2370 27 2373 “
57 2374 160 2426 μόνον
186 2378 223 2415 αἱ
244 2373 449 2427 μοιχαλίδες
477 2373 700 2426 φονεύονται,
729 2372 822 2411 ἀλλὰ
842 2371 903 2410 καὶ
925 2373 961 2411 αἱ
991 2373 1104 2409 ὕποπ-

56 2433 243 2486 τευόμεναι
258 2435 321 2473 οὖκ
338 2433 498 2486 ἀφίενται
515 2431 748 2484 ἀτιμώρητοι.

111 2492 219 2546 Παρὰ
240 2493 395 2546 Πάρθοις
427 2491 488 2531 καὶ
508 2490 700 2544 Ἀρμενίοις
725 2492 756 2529 οἵ
779 2496 891 2544 φονεῖς
917 2491 1100 2542 ἀναιροῦν-

1177 1718 1255 1758 καθ’
1275 1712 1365 1769 αἷμα
1383 1721 1452 1756 τῶν
1473 1718 1720 1771 φονευθέντων.
1741 1718 1815 1757 Καὶ
1837 1718 1896 1757 ἐάν
1913 1734 1963 1762 τις
1982 1717 2134 1770 φονεύσῃ
2155 1735 2219 1772 γυ-

1177 1783 1283 1817 ναῖκα
1305 1780 1410 1816 αὐτοῦ
1428 1777 1450 1825 ἢ
1475 1776 1623 1831 ἀδελφὸν
1644 1777 1788 1816 ἄτεκνον
1819 1775 1842 1824 ἢ
1863 1776 2016 1831 ἀδελφὴν
2039 1778 2177 1830 ἄγαμον
2197 1778 2220 1826 ἢ

1177 1838 1249 1877 υἱὸν
1267 1837 1290 1884 ἢ
1308 1837 1496 1890 θυγατέρα,

1230 1898 1333 1947 §13-
1377 1899 1438 1935 οὐκ
1475 1898 1677 1948 ἐγκαλεῖται
1713 1895 1781 1935 ὑπό
1800 1912 1908 1946 τινος,
1929 1898 2037 1948 νόμου
2067 1896 2221 1935 τοιούτου

1178 1956 1397 2009 ὑπάρχοντος
1429 1958 1463 1994 ἐν
1492 1961 1570 1999 ταῖς
1591 1955 1725 2008 χώραις
1755 1955 1916 2000 ἐκείναις·
1945 1958 2031 2008 παρ’
2058 1954 2221 2003 ”Έλλησι

1178 2015 1214 2054 δὲ
1232 2015 1292 2054 καὶ
1318 2014 1513 2066 Ῥωμαίοις
1543 2015 1675 2066 μείζονι
1708 2014 1863 2067 τιμωρίᾳ
1896 2015 2157 2055 ὓποὸάλλονται
2189 2016 2220 2052 οἱ

1174 2078 1243 2113 τῶν
1267 2074 1402 2113 οἰκείων
1420 2073 1481 2113 καὶ
1502 2076 1678 2126 συγγενῶν
1698 2073 1873 2127 φονευταί.

1231 2133 1296 2173 Ἐν
1316 2132 1453 2186 Ἄτροις
1470 2135 1488 2171 ὃ
1508 2132 1670 2172 κλέπτων
1699 2148 1732 2170 τι
1755 2133 1882 2171 ὂὸολοῦ
1910 2132 2004 2178 ἄξιον
2028 2133 2220 2178 λιθάζεται·

1179 2192 1276 2246 παρὰ
1299 2193 1472 2245 Βάκτροις
1504 2194 1522 2230 ὃ
1551 2191 1654 2243 ὀλίγα
1682 2191 1846 2231 κλέπτων
1878 2191 2091 2243 ἐμπτύεται,
2123 2191 2222 2242 παρὰ

1179 2251 1374 2302 “Ρωμαίοις
1403 2251 1558 2303 πληγαῖς
1589 2251 1772 2296 αἰκίζεται·
1793 2254 1943 2289 τοιοῦτοι
1963 2251 2031 2303 γὰρ
2052 2253 2083 2289 οἱ
2108 2249 2220 2302 νόμοι.

1179 2312 1266 2351 Ἀπὸ
1284 2310 1469 2364 Εὐφράτου
1489 2313 1650 2361 ποταμοῦ
1672 2309 1731 2347 καὶ
1755 2308 1860 2362 μέχρι
1886 2314 1945 2348 τοῦ
1967 2309 2142 2348 Ὠκεανοῦ
2174 2311 2222 2353 ὡς

1178 2370 1236 2409 ἐπὶ
1258 2369 1430 2414 ἀνατολὰς
1450 2373 1468 2409 ὁ
1486 2368 1750 2422 λοιδορούμενος
1770 2372 1816 2412 ὡς
1832 2367 1988 2422 φονεὺς-ἢ
2006 2370 2052 2412 ὡς
2068 2368 2222 2416 κλέπτης

1179 2431 1217 2470 οὗ
1239 2431 1331 2470 πάνυ
1353 2431 1558 2481 ἀγανακτεῖ·
1596 2431 1614 2467 ὃ
1641 2427 1678 2466 δὲ
1698 2430 1744 2471 ὡς
1765 2427 2011 2479 ἀρσενοκοίτης
2045 2427 2223 2480 λοιδορού-

1181 2505 1281 2540 μενος
1298 2489 1421 2527 ἑαυτὸν
1440 2489 1569 2526 ἐκδικεῖ
1590 2487 1695 2539 μέχρι
1715 2486 1775 2525 καὶ
1799 2486 1923 2539 φόνου.

60 2568 144 2602 ται,
164 2552 250 2592 ποτὲ
270 2552 333 2591 υ.ὲν
364 2551 432 2592 ὑπὸ
453 2553 523 2590 τῶν
553 2551 726 2589 δικαστῶν
740 2580 750 2598 ,
774 2548 860 2589 ποτὲ
889 2548 924 2587 δὲ
945 2549 1013 2586 ὑπὸ
1032 2551 1100 2587 τῶν
1143 2588 1149 2591 Α

829 2619 843 2621 -.
876 2635 1044 2678 Recognit.
1069 2616 1123 2668 Psss
1146 2635 1263 2673 elem„
1284 2634 1340 2673 IX,
1357 2635 1410 2664 23.

59 2719 250 2770 lapidibus
265 2718 463 2768 pretiosis,
479 2719 698 2752 ministerus
714 2726 868 2762 quoque
883 2714 1107 2749 ancillarum

60 2780 161 2815 fultoe
192 2777 410 2827 procedunt
428 2776 550 2811 multo
579 2773 729 2826 majore
750 2773 961 2809 ambitione
992 2785 1107 2821 quam

62 2839 148 2889 viri,
168 2849 239 2874 nec
258 2844 385 2873 tamen
402 2835 624 2884 pudicitiam
639 2833 783 2878 colunt,
798 2832 866 2868 sed
883 2831 1105 2867 indifferens

16 2911 35 2939 γ
63 2898 117 2934 eis
133 2909 220 2933 cum
237 2896 545 2946 quibuscumque
561 2892 756 2929 voluerint
776 2903 866 2926 usus
885 2898 941 2926 est
966 2897 1004 2926 et
1029 2902 1106 2927 ser-

38 2944 43 2954 ⁴
63 2957 119 2994 vis
141 2963 179 2993 et
194 2955 426 3004 hospitibus,
444 2954 511 2989 tali
527 2952 683 2989 licentia
702 2964 724 2988 a
743 2951 833 2987 viris
848 2950 1053 2999 permissa3
1070 2956 1108 2986 et

1180 2725 1259 2748 non
1278 2712 1402 2747 solum
1424 2721 1503 2745 non
1522 2709 1727 2756 culpantur
1745 2720 1818 2756 pro
1842 2708 1917 2744 hoc
1929 2736 1939 2755 ‚
1958 2707 2026 2744 sed
2041 2715 2079 2744 et
2099 2707 2226 2744 domi-

1181 2779 1321 2807 nantur
1340 2771 1380 2805 in
1396 2770 1513 2805 viros.
1530 2768 1608 2803 Nec
1629 2774 1755 2804 tamen
1777 2768 1948 2803 omnium
1968 2767 2122 2804 Genesis
2137 2780 2222 2804 mu-

1181 2828 1560 2866 lierum·Susidarum
1577 2827 1617 2862 in
1634 2827 1837 2863 medietate
1855 2828 1946 2863 coeli
1968 2840 2056 2863 cum
2073 2825 2172 2864 Jove
2188 2834 2226 2864 et

1184 2891 1308 2926 Marte
1324 2891 1510 2927 Venerem
1526 2887 1567 2923 in
1585 2887 1607 2923 J
1611 2887 1692 2923 ovis
1716 2886 1860 2923 aedibus
1880 2886 2034 2923 habent.

902 3035 1080 3076 Caesarius,
1099 3034 1227 3073 Quaest.
1247 3032 1312 3065 loc.
1333 3032 1391 3065 cit.

31 3119 46 3156 ,'
65 3112 126 3160 ml
155 3113 312 3166 φαιδρῶς
340 3113 528 3163 προϊοῦσαι
558 3108 619 3148 συν
654 3107 823 3161 βλοσυρία
850 3108 910 3146 καὶ
942 3106 1103 3160 διαχύσει

36 3172 37 3175 “
38 3173 191 3224 πολλῇ·
209 3177 297 3209 πᾶσι
313 3168 348 3208 δὲ
369 3168 531 3216 νεήλυσιν
550 3169 659 3213 ἀδεῶς
675 3183 712 3206 τε
726 3167 787 3205 καὶ
804 3167 954 3211 ἀναιδῶς
973 3182 1102 3217 συγκα-

43 3230 269 3278 θεύδουσιν,
304 3229 477 3282 ἄρχουσαι
513 3228 647 3279 μᾶλλον
688 3228 756 3264 τῶν
789 3225 923 3264 οἰκείων
960 3226 1107 3277 ἀνδρῶν.

1185 3104 1259 3145 Καὶ
1273 3106 1311 3143 οὗ
1333 3102 1475 3147 πάντως
1495 3104 1530 3142 ἓν
1547 3101 1644 3155 πάσῃ
1661 3100 1794 3154 γενέσει
1813 3102 1882 3139 τῶν
1903 3098 2084 3140 Σουσίδων
2106 3116 2229 3154 γυναι-

1182 3167 1253 3203 κῶν
1272 3167 1481 3217 μεσουρανεῑ
1512 3161 1604 3214 μετὰ
1628 3160 1709 3205 Διὸς
1736 3159 1796 3199 καὶ
1826 3157 1956 3212 ’Ἄρεος
1983 3160 2018 3198 ἐν
2035 3159 2117 3204 Διὸς
2137 3159 2229 3214 ὅροις

1184 3227 1206 3270 ἡ
1226 3221 1427 3276 Ἀφροδίτη.

757 3314 919 3356 Georgius
941 3313 1165 3354 Hamartolus‚
1197 3313 1332 3350 Chron„
1349 3312 1413 3345 loc.
1436 3312 1496 3344 cit.

47 3397 181 3448 ’ρῶσαι
209 3395 254 3434 τὰ
275 3394 325 3447 μὴ
353 3394 433 3435 λίαν
455 3392 677 3447 ἰσχυρότατα
705 3393 771 3431 τῶν
795 3390 935 3444 θηρίων·
967 3389 1116 3444 ἄρχουσι
1148 3392 1159 3444 l
1194 3389 1229 3429 δὲ
1258 3389 1319 3429 καὶ
1347 3391 1417 3428 τῶν
1448 3389 1546 3428 ἰδίων
1569 3388 1702 3442 ἀνδρῶν
1729 3386 1790 3426 καὶ
1809 3386 2037 3440 κυριεύουσιν.
