2294 3620
102 141 153 180 90
861 128 925 169 LE
954 122 1493 168 PSEUDO-BARDESANE.

103 240 177 278 que
194 227 228 262 la
247 227 360 262 Terre
375 232 428 261 est
439 224 616 273 partagee
629 235 674 259 en
689 228 768 271 sept
779 221 921 270 parties
931 248 942 267 ,
957 219 1130 268 appelees
1163 223 1166 270 Ι
1201 228 1287 253 cans
1297 213 1364 266 (1);
1377 213 1471 249 mais
1484 213 1511 248 il
1520 212 1637 248 existe
1644 212 1849 262 beaucoup
1860 212 1907 249 de
1914 213 1986 250 lois
1996 213 2090 251 dans
2101 215 2250 265 chaque

102 287 260 331 elimans,
295 291 333 321 et
353 296 438 333 que,
459 295 524 319 sur
555 279 616 318 ces
636 281 774 317 memes
793 280 942 329 parties,
963 279 1016 314 les
1049 283 1131 326 sept
1163 271 1166 318 1
1201 276 1292 319 etat,
1310 273 1403 309 dans
1422 272 1570 320 chaque
1591 272 1764 319 contree‚
1788 271 1882 308 dans
1896 272 2044 322 chaque
2063 275 2250 323 province

100 352 214 382 asti-es
232 349 409 381 exercent
427 343 511 378 leur
525 339 726 386 influence,
742 339 889 375 chacun
905 350 951 374 en
963 337 1130 385 particu-
1163 320 1166 386 Ι
1203 340 1240 370 et
1257 333 1350 369 dans
1363 332 1511 380 chaque
1521 331 1751 376 habitation‚
1771 332 1841 379 qui
1853 338 1941 368 sont
1956 331 2177 370 differentes
2195 334 2246 372 de
2260 353 2262 357 ⁴

100 405 168 440 lier
181 415 245 439 sur
258 403 424 439 chacune
449 400 595 445 d’eIIes,
618 406 656 436 et
672 396 850 447 qu’enfin,
871 396 963 432 dans
986 396 1131 431 chacun
1163 389 1166 413 ¹
1202 393 1312 428 celles
1322 391 1370 427 de
1380 390 1479 427 leurs
1490 390 1630 426 voisins
1642 417 1652 428 .
1665 391 1770 427 Vons
1781 403 1878 427 vous
1887 392 2065 440 rappelez
2077 405 2204 442 ecque
2212 393 2258 443 jev

102 462 149 499 de
162 474 222 499 ces
235 462 374 498 memes
393 459 580 504 endroits‚
595 459 630 494 la
644 458 747 494 force
769 456 816 492 de
831 453 1045 491 l'influence
1066 452 1128 503 [de
1164 462 1166 507 ζ
1201 463 1295 486 vous
1312 451 1348 486 ai
1367 449 1438 496 dit,
1459 461 1548 498 que,
1568 449 1660 485 dans
1681 449 1716 485 le
1736 450 1861 486 meme
1879 451 2009 487 climat
2028 451 2095 488 des
2108 451 2222 490 ludes
2235 480 2248 500 ‚

104 521 249 568 chaque
263 517 377 569 astre]
386 520 558 567 premnt,
570 523 605 554 et
612 516 700 553 c'est
709 527 751 552 ce
762 515 826 563 qui
834 521 885 551 est
898 513 1031 562 appele
1038 512 1124 548 Loi.
1164 508 1166 558 ξ
1201 511 1229 546 il
1246 510 1361 546 existe
1378 509 1624 545 deshommes
1634 509 1702 558 qui
1718 521 1768 545 ne
1783 517 1964 559 mangent
1975 523 2044 560 pas
2058 511 2096 548 la
2108 506 2248 550 viande

153 579 186 614 11
204 590 264 615 me
277 578 472 626 repliqua:
493 576 610 613 Sache
626 573 798 619 d'abord,
816 573 839 608 ὁ
855 585 945 608 mon
958 570 1016 607 fils
1037 570 1128 606 Phi-
1163 566 1166 587 ¹
1203 569 1267 605 des
1275 569 1466 615 animanx,
1481 576 1519 604 et
1529 568 1695 604 d'autres
1704 569 1771 616 qui
1785 569 1915 606 vivent
1925 569 2089 607 dechair
2097 571 2249 608 humai-
2264 595 2265 600 =

102 637 223 686 lippe!
243 649 317 685 que
337 637 389 672 les
413 635 620 674 Chaldeens
641 640 708 669 out
727 632 878 667 invente
895 631 975 667 ceci
994 641 1042 665 en
1056 640 1129 664 vue
1201 640 1264 665 ne.
1286 626 1333 664 Je
1349 640 1445 663 vous
1459 628 1495 663 ai
1513 627 1569 663 dit
1588 639 1729 663 encore
1748 628 2014 665 relativement
2030 641 2106 666 aux
2118 631 2249 668 Perses
2262 663 2267 673 „

103 695 151 731 de
168 701 349 743 tromper,
366 707 428 730 car
449 694 539 729 bien
555 705 630 741 que
654 692 689 727 la
704 693 817 727 Terre
835 690 907 725 soit
926 688 1062 724 divisee
1081 699 1129 723 en
1164 684 1166 742 ξ
1203 694 1241 723 et
1259 699 1332 723 aux
1346 688 1490 736 Mages,
1511 698 1587 735 que
1613 699 1656 723 ce
1671 686 1771 723 n'est
1783 699 1852 736 pas
1873 688 2085 725 .‚eulement
2101 689 2195 727 dans
2214 689 2251 726 le

100 759 181 802 sept
198 754 349 803 parties,
368 754 393 788 il
408 753 521 788 existe
536 750 769 795 ne'anmoins‚
789 748 880 784 dans
895 748 1062 783 chacune
1081 745 1129 782 de
1164 743 1166 788 !
1203 747 1332 782 climat
1366 746 1415 782 de
1444 747 1479 782 la
1511 747 1621 782 Perse
1656 758 1731 795 que
1759 747 1813 783 les
1848 747 2023 784 hommes
2053 756 2249 797 prennent

100 823 160 848 ces
186 813 342 861 parties,
369 812 566 858 beaucoup
596 809 643 845 de
669 809 740 844 lois
777 807 843 855 qui
871 805 1048 842 different
1074 805 1128 840 les
1204 817 1354 841 comme
1377 806 1535 854 epouses
1561 806 1663 841 leurs
1689 804 1786 842 fines
1805 813 1844 843 et
1874 807 1977 843 leurs
1997 819 2134 855 soenrs,
2151 809 2246 845 mais

100 882 193 906 unes
213 870 277 907 des
293 876 428 907 autres,
449 869 506 906 En
527 868 615 904 effet
629 893 639 912 ‚
661 879 711 902 on
725 878 773 902 ne
794 873 926 901 trouve
946 876 1015 913 pas
1033 863 1126 900 dans
1164 866 1167 910 ἶ
1204 866 1307 901 aussi
1335 877 1410 913 que
1436 865 1527 901 dans
1549 865 1698 913 chaque
1723 877 1820 914 pays
1844 867 1896 902 ou
1917 866 1964 902 ils
1984 873 2072 904 sont
2091 867 2245 913 etablis,

99 928 135 964 le
156 929 294 965 monde
309 935 390 976 sept
409 928 478 963 lois
499 927 601 963 selon
617 927 652 961 le
674 924 833 960 nombre
856 924 920 960 des
935 930 1021 973 sept
1040 919 1126 971 p‘la-
1165 930 1167 971 [
1202 923 1247 959 ils
1268 931 1336 960 ont
1353 924 1512 960 observe
1531 925 1567 960 la
1587 931 1767 961 coutume
1785 925 1833 962 de
1847 925 1949 962 leurs
1970 925 2081 975 peres
2099 933 2137 963 et
2151 927 2267 970 snivi¹

98 986 220 1035 netes,
248 988 288 1022 ni
320 987 438 1022 douze
463 986 567 1021 selon
588 985 623 1020 le
652 983 812 1019 nombre
832 982 896 1018 des
923 983 1045 1031 signes
1074 982 1128 1018 du
1203 983 1256 1019 les
1286 983 1467 1032 mysteres
1488 996 1564 1032 que
1593 984 1746 1020 ceux-ci
1765 984 1853 1021 leur
1877 986 2030 1022 avaient
2058 986 2248 1025 transmis.

99 1045 307 1094 Zodiaque‚
326 1045 365 1080 ni
387 1044 583 1080 trente-six
600 1043 705 1079 selon
727 1043 761 1077 le
779 1042 942 1077 nombre
968 1041 1033 1078 des
1052 1042 1129 1077 De·
1203 1042 1514 1079 Souvenez-vous
1539 1044 1750 1092 &galement
1769 1043 1863 1092 qu’il
1887 1057 1912 1094 y
1934 1058 1955 1081 a
1974 1045 2177 1096 beaucoup
2202 1045 2251 1086 de

140 1130 186 1174 (1)
218 1133 278 1163 Les
301 1130 402 1162 douze
431 1129 538 1170 signes
565 1129 611 1162 du
636 1128 798 1169 zodiaque
823 1128 945 1160 etaient
972 1127 1122 1169 partages
1199 1129 1265 1162 lius
1283 1130 1489 1171 (Astronom.
1510 1130 1568 1163 lib.
1586 1133 1618 1171 4,
1641 1140 1673 1164 v.
1698 1135 1758 1165 298
1773 1130 1785 1173 )
1799 1140 1840 1164 en
1853 1133 1945 1174 parle
1967 1142 2008 1166 en
2026 1142 2082 1167 ces
2097 1134 2222 1167 termes
2239 1143 2248 1162 =
2268 1131 2271 1145 ³

93 1180 220 1211 chacun
235 1187 274 1210 en
290 1177 370 1209 trois
387 1176 518 1218 parties,
538 1176 679 1208 formant
703 1185 747 1208 un
761 1176 843 1208 total
869 1175 910 1208 de
929 1175 1124 1214 trente—six,

93 1225 230 1266 lesquels
263 1232 298 1256 se
330 1223 514 1256 trouvaient
544 1223 727 1256 subdivises
756 1224 966 1255 eux-memes
997 1232 1038 1254 en
1065 1222 1123 1254 dix
1285 1221 1491 1262 Quapropter
1511 1220 1620 1261 Grajae
1636 1220 1747 1254 dixere
1767 1222 1910 1254 Decania
1932 1224 2070 1265 gentes?

91 1272 209 1313 parties
224 1270 371 1312 appelees
396 1270 524 1303 de'cans
545 1282 556 1304 :
574 1284 590 1299 α
615 1270 744 1311 Singula
771 1270 861 1311 signa
876 1270 910 1301 in
930 1271 998 1302 tres
1014 1271 1125 1310 partes
1282 1270 1310 1300 A
1326 1277 1464 1301 numero
1479 1277 1599 1300 nomen
1623 1268 1770 1310 positum
1789 1271 1852 1308 est,
1871 1270 1961 1311 quod
1977 1271 2128 1313 partibus
2145 1273 2236 1304 astra
2271 1299 2276 1305 ,,

90 1318 272 1351 dividuntur
301 1329 308 1349 ε
334 1318 468 1359 singulte
491 1320 601 1350 autem
626 1319 736 1360 partes
759 1317 902 1358 singulos
921 1317 1042 1350 habent
1065 1317 1122 1350 de·
1290 1315 1430 1348 Condita
1447 1315 1582 1348 tricenis
1594 1316 1717 1357 triplici
1727 1316 1792 1350 sub
1808 1319 1898 1350 sorte
1918 1317 2080 1359 seruntur,

89 1373 196 1403 canos,
213 1365 250 1397 ut
279 1364 344 1397 sint
362 1364 395 1396 in
424 1365 557 1406 singulis
582 1365 681 1406 signis
709 1365 792 1397 terni
808 1364 933 1396 decani.
953 1378 968 1393 «
988 1364 999 1406 (
1017 1364 1124 1397 Julius
1282 1365 1324 1396 Et
1339 1363 1490 1396 tribuunt
1510 1363 1611 1396 denas
1626 1363 1661 1395 in
1687 1373 1722 1396 se
1742 1364 1940 1397 coeuntibus
1959 1366 2072 1407 astris,

92 1411 256 1450 Fiwnicus,
279 1411 327 1443 ad
343 1413 491 1445 Mavorc.
511 1413 597 1445 Loll.
622 1414 771 1450 Astron„
795 1421 846 1453 pg.
874 1411 946 1452 17.)
963 1430 1002 1434 —
1014 1412 1117 1443 Mani·
1282 1413 1386 1452 Inque
1406 1411 1513 1443 vicem
1533 1410 1634 1443 ternis
1655 1411 1848 1444 habitantur
1865 1412 1993 1454 singula
2009 1413 2120 1455 signis.

681 1588 857 1628 Eusebius,
879 1590 1053 1630 Praeparat.
1073 1590 1233 1631 evangel„
1255 1590 1318 1622 loc.
1336 1592 1407 1631 cit„
1428 1591 1446 1632 §
1467 1595 1637 1624 20—21-22.

91 1663 196 1714 αὐτῷ.
209 1664 254 1700 Οἳ
275 1662 310 1700 δὲ
328 1663 538 1715 ἀστρονόμοι
558 1664 642 1717 <patei
655 1668 719 1712 τὴν
736 1669 800 1718 γῆν
818 1666 946 1714 ταύτην
970 1667 1113 1720 μεμερί-
1191 1668 1282 1707 κατὰ
1301 1668 1380 1713 τοὺς
1401 1669 1492 1708 ἑπτὰ
1512 1670 1675 1724 ἀστέρας,
1695 1671 1774 1711 οὐδὲ
1791 1671 1927 1710 δώδεκα
1947 1672 2041 1710 κατὰ
2061 1671 2106 1711 τὰ
2122 1672 2245 1722 ζώδια,
2268 1668 2271 1669 ⁷

90 1724 169 1758 σθαι
186 1722 231 1764 εἷς
251 1722 338 1759 ἑπτὰ
354 1722 525 1771 κλίματα,
546 1723 604 1761 καὶ
628 1724 746 1776 ἄρχειν
768 1725 915 1764 ἑκάστου
942 1726 1111 1776 κλίματος
1191 1728 1268 1766 οὐδὲ
1289 1729 1516 1782 τριακονταὲξ
1538 1731 1631 1770 κατὰ
1662 1731 1741 1775 τοὺς
1776 1731 1958 1781 δεκανοὺς,
1989 1731 2082 1770 ἀλλὰ
2112 1731 2244 1785 μυρίοι.
2272 1727 2274 1729 ¹

90 1778 149 1816 ἕνα
171 1781 237 1817 τῶν
273 1780 361 1817 ἑπτὰ
400 1782 566 1832 ἀστέρων·
596 1784 655 1820 καὶ
675 1783 753 1826 τοὺς
781 1784 963 1837 διαφόρους
991 1785 1115 1836 νόμους
1197 1787 1440 1838 Μνημονεύειν
1469 1805 1509 1828 τε
1546 1789 1703 1842 ὀφείλετε
1724 1784 1774 1829 ὧν
1813 1792 2003 1843 προεῖπον,
2036 1790 2090 1829 ὅτι
2122 1790 2183 1830 καὶ
2207 1792 2243 1830 ἐν

91 1836 141 1887 μὴ
162 1836 239 1881 τοὺς
262 1838 460 1891 ἀνθρώπους
480 1841 666 1880 τεθεικέναι
695 1844 838 1891 ἑαυτοῖς,
862 1843 937 1882 ἀλλ’
967 1845 1113 1883 ἑκάστου
1194 1847 1244 1884 ἑνὶ
1261 1847 1408 1898 κλίματι
1429 1848 1490 1886 καὶ
1511 1850 1546 1887 ἐν
1568 1856 1633 1901 μιᾷ
1653 1850 1755 1904 χώρᾳ
1776 1853 1844 1889 τῶν
1863 1851 1983 1891 Ἰνδῶν
2002 1850 2088 1890 εἰσὶν
2105 1852 2242 1903 ἀνθρω-

92 1895 256 1948 ἄρχοντος
275 1898 472 1943 πλεονάζειν
505 1899 543 1937 τὸ
564 1901 699 1950 θέλημα
722 1903 756 1940 ἐν
783 1905 825 1954 τῇ
846 1904 917 1957 ἰδίᾳ
939 1904 1061 1956 χώρᾳ,
1077 1903 1114 1942 ὃν
1189 1906 1340 1958 ποφάγοι
1359 1906 1477 1954 Ἰνδοὶ,
1503 1908 1563 1947 καὶ
1578 1908 1664 1947 εἰσὶν
1685 1911 1717 1948 οἱ
1742 1909 1911 1963 ἐμψύχων
1932 1908 2164 1963 ἀπεχόμενοι,
2181 1909 2243 1949 καὶ

87 1954 190 2004 νόμον
206 1956 423 2005 νενομίκασιν
447 1961 477 1996 οἱ
497 1960 741 2011 κρατούμενοι.
1189 1964 1243 2002 ὅτι
1274 1967 1304 2003 οἱ
1324 1967 1550 2018 Μαγουσαῖοι
1572 1969 1636 2006 οὐκ
1664 1969 1699 2006 ἐν
1721 1970 1874 2023 Περσίδι
1899 1968 1988 2021 μόνῃ
2011 1968 2074 2013 τὰς
2093 1968 2239 2022 θυγατέ-
2273 1961 2276 1962 ⁷

139 2014 162 2064 5
197 2027 260 2074 ²2·
303 2014 538 2068 Ἀπεκρίνατο·
579 2020 655 2056 Οὐκ
693 2019 824 2067 ἀληθὴς
864 2024 886 2069 ἧ
933 2021 1113 2074 ἀπόκρισις
1191 2038 1254 2075 ρας
1274 2028 1462 2076 γαμοῦσιν,
1487 2026 1579 2064 ἀλλὰ
1610 2026 1672 2066 καὶ
1698 2028 1733 2066 ἐν
1753 2027 1858 2066 παντὶ
1879 2026 1988 2076 ἔθνει,
2011 2027 2099 2066 ὅπου
2125 2026 2167 2066 ἂν
2187 2029 2240 2066 οἰ-
2264 2027 2270 2040 ⁵

87 2070 190 2120 αὕτη,
211 2075 240 2110 ὠ
267 2073 442 2112 Φίλιππε·
465 2077 494 2113 εἰ
508 2078 580 2137 3⁸²9
600 2077 658 2114 καὶ
690 2078 852 2131 διῄρηται
873 2083 894 2127 ἡ
923 2080 1110 2132 οἰκουμένη
1187 2082 1343 2131 κήσωσι,
1371 2083 1450 2128 τοὺς
1473 2087 1543 2122 τῶν
1569 2085 1750 2139 προγόνων
1772 2087 2010 2140 φυλάσσοντες
2029 2086 2155 2139 νόμους
2176 2087 2253 2126 καὶ’

85 2131 130 2173 εἷς
149 2129 237 2183 μέρη
255 2131 364 2180 ἑπτὰ,
392 2133 469 2171 ἀλλ’
490 2139 548 2173 οὖν
573 2151 611 2186 γε
633 2137 667 2173 ἐν
687 2144 751 2190 μιᾷ
771 2138 885 2190 μερίδι
903 2139 1108 2191 εὑρίσκομεν
1184 2143 1252 2179 τῶν
1274 2143 1475 2195 μυστηρίων
1497 2146 1611 2183 αὐτῶν
1631 2145 1693 2189 τὰς
1711 2146 1865 2190 τελετάς.

84 2189 214 2233 πολλὰς
242 2190 406 2243 διαφορὰς
436 2192 564 2243 νόμων·
598 2194 673 2233 οὐδὲ
701 2196 768 2249 γὰρ
801 2197 890 2236 ἑπτὰ
918 2198 1016 2249 νόμοι
1043 2199 1109 2238 εἰσὶ
1239 2202 1260 2252 §
1299 2216 1365 2242 22.
1403 2202 1510 2242 Ἀλλὰ
1529 2204 1590 2243 καὶ
1620 2204 1737 2243 πολλὰ
1772 2205 1937 2259 βάρὸαρα
1971 2204 2052 2253 ἔθνη
2087 2205 2239 2244 κατελὲ-
2270 2246 2271 2249 ,

890 2288 1030 2330 Recogn.
1051 2290 1105 2321 Ps.
1126 2289 1244 2331 Clem.‚
1262 2291 1318 2330 IX,
1341 2295 1397 2325 26.

82 2356 255 2421 mathesis
279 2357 415 2394 eruditi
436 2368 544 2407 sunt,
565 2362 739 2399 Genesim
761 2365 801 2400 in
815 2374 958 2415 septem
985 2375 1110 2416 partes
1183 2382 1259 2406 una
1273 2372 1429 2420 regione
1449 2372 1664 2409 invenimus
1682 2374 1819 2410 multas
1839 2373 2071 2410 differentias
2086 2373 2235 2424 legum3

82 2412 218 2479 dirimi,
243 2428 325 2464 quae
341 2417 395 2452 illi
415 2419 568 2456 climata
586 2424 790 2470 appellant,
804 2424 994 2462 dominari
1013 2439 1106 2463 vero
1184 2436 1221 2464 et
1249 2430 1336 2466 ideo
1356 2443 1480 2479 neque
1507 2439 1654 2482 septem
1678 2441 1766 2469 sunt
1789 2432 2000 2472 secundum
2024 2445 2230 2470 numerum
2272 2421 2276 2423 μ

81 2474 282 2522 unicuique
300 2476 438 2512 climati
456 2491 572 2515 unam
588 2493 632 2517 ex
653 2490 796 2531 septem
815 2486 944 2530 stellis,
965 2492 1002 2521 et
1021 2487 1108 2522 istas
1185 2489 1393 2540 stellarum,
1422 2503 1548 2540 neque
1568 2492 1774 2529 duodecim
1796 2493 2007 2529 secundum
2026 2504 2232 2530 numerum

83 2541 173 2596 quas
189 2535 427 2581 exposuimus
445 2537 606 2575 diversas
620 2541 718 2589 leges
730 2555 810 2578 non
826 2543 872 2579 ab
886 2545 1108 2581 hominibus
1182 2548 1379 2597 signorum
1394 2577 1404 2595 ,
1429 2563 1555 2600 neque
1576 2553 1732 2602 triginta
1766 2560 1804 2589 et
1831 2565 1896 2588 sex
1915 2551 2128 2588 secundum
2161 2564 2234 2588 nu·

81 2596 237 2652 positas,
257 2592 322 2628 sed
340 2593 386 2629 ab
407 2595 484 2632 istis
503 2598 738 2648 principibus
758 2603 966 2639 secundum
981 2605 1106 2640 unius·
1182 2619 1328 2643 merum
1353 2611 1610 2661 Decanorum,
1631 2612 1698 2648 sed
1727 2619 1814 2648 sunt
1841 2613 2064 2648 innumerae.

82 2659 260 2696 cujusque
283 2653 536 2701 voluntatem3
558 2665 595 2693 et
617 2658 691 2695 hoe
710 2661 817 2708 quod
841 2663 955 2699 stellae
983 2665 1107 2699 visum
1238 2679 1303 2713 27.
1316 2669 1530 2706 Meminisse
1542 2679 1671 2707 autem
1684 2671 2012 2708 debemuseorum
2023 2683 2107 2721 quae
2116 2682 2233 2720 supra

81 2712 147 2750 est,
169 2706 288 2755 legem
302 2710 347 2745 ab
364 2711 580 2751 hominibus
599 2717 848 2756 observatam.
1181 2735 1397 2764 enumerata
1414 2737 1513 2775 sunt,
1530 2730 1637 2778 quod
1652 2731 1693 2766 in
1707 2743 1783 2767 una
1796 2730 1914 2768 Indiae
1929 2731 2090 2781 regione
2099 2737 2186 2766 sunt
2194 2736 2233 2767 et

131 2764 191 2800 Ad
208 2766 286 2802 haec
311 2780 399 2835 ergo
416 2774 741 2824 respondebimus,
758 2779 862 2826 quod
878 2781 1006 2828 primo
1025 2783 1105 2830 qui·
1184 2786 1251 2832 qui
1265 2786 1464 2823 hominum
1475 2790 1655 2826 carnibus
1664 2798 1879 2836 vescantur,
1891 2797 1927 2827 et
1938 2796 2026 2828 sunt
2034 2790 2102 2838 qui
2114 2790 2229 2826 etiam

82 2821 165 2857 dem
183 2836 259 2890 non
279 2833 332 2861 est
348 2841 384 2862 m
397 2837 532 2895 septem
551 2842 675 2881 partes
695 2837 798 2873 orbis
815 2845 922 2875 terrae
943 2840 1102 2891 divisus,
1184 2855 1207 2879 a
1226 2846 1440 2892 pecudibus
1459 2849 1519 2884 vel
1540 2850 1676 2886 avibus
1701 2850 1957 2898 omnibusque
1973 2849 2230 2885 animantibus
2265 2844 2267 2847 ¹

83 2888 159 2915 tum
178 2881 312 2920 demde
344 2893 379 2921 et
404 2900 434 2922 Sl
462 2890 514 2925 ita
534 2900 648 2938 esset,
682 2896 723 2930 in
754 2909 830 2932 una
860 2906 971 2946 parte
1002 2908 1040 2936 et
1063 2902 1103 2937 in
1178 2904 1391 2941 abstineant
1406 2914 1444 2942 et
1463 2908 1554 2955 quia
1573 2910 1753 2958 Magusaei
1767 2922 1848 2946 non
1868 2909 1993 2945 solum
2009 2909 2046 2944 in
2073 2907 2229 2944 Perside
2265 2894 2276 2958 ⁴·

853 2985 1035 3027 Caesarius,
1056 2989 1278 3030 Quaestiones‚
1299 2991 1364 3024 loc.
1379 2994 1438 3025 cit.

169 3038 179 3051 Ι
271 3045 279 3056 7
333 3044 342 3056 Ι

82 3050 242 3108 ξεῑμεν-ων
262 3059 429 3119 Μῒὲρθὶῖ,
449 3049 495 3092 Εἷς
514 3051 604 3089 ἑπτὰ
621 3053 765 3105 λέγομεν
779 3057 933 3108 κλίματα
952 3060 1013 3108 τὴν
1035 3065 1099 3114 γῆν
1184 3071 1250 3119 μιᾷ
1273 3066 1387 3120 μερίδι
1407 3068 1558 3113 πολλοὺς
1574 3069 1634 3108 καὶ
1649 3071 1833 3125 διαφόρους
1854 3070 1980 3121 νόμους
1993 3069 2201 3122 εὑρίσκομεν
2214 3099 2225 3117 ,

82 3102 302 3166 ῗιαιξεισθαῑ>
318 3118 375 3140 και
397 3112 563 3158 αρχεσθαῑ
580 3109 724 3150 ἕΧαστῡν
741 3116 852 3166 κλίμα
868 3119 923 3173 ὑφ’
942 3120 1014 3165 ἑνὸς
1037 3125 1107 3161 τῶν
1183 3125 1244 3162 καὶ
1265 3125 1342 3164 οὔτε
1363 3128 1454 3166 ἑπτὰ
1485 3129 1587 3178 μόνον
1606 3129 1698 3169 κατὰ
1718 3130 1797 3175 τοὺς
1824 3130 1986 3183 ἀστέρας,
2017 3129 2095 3168 οὔτε
2117 3129 2167 3174 δὶς
2182 3127 2220 3175 ἓξ

82 3166 255 3224 ἵστερων]
284 3160 341 3197 καὶ
369 3163 614 3238 Ίῖρὸςῦὲκῑῖνων
638 3174 841 3222 συμπλοκὰς
869 3177 1013 3230 ἄγεσθαι
1044 3182 1105 3219 καὶ
1182 3183 1274 3221 κατὰ
1313 3185 1389 3230 τοὺς
1424 3187 1635 3240 ζωδιακοὺς,
1671 3190 1743 3228 οὐδ’
1784 3184 1828 3229 αἶ’]
1861 3189 1967 3229 πάλιν
1999 3187 2227 3242 τριακονταὲξ

81 3214 322 3288 αἷοτξλεισθαξ
350 3234 427 3289 :³0⁰³
453 3226 674 3294 αρχῗμένθυς·
701 3229 785 3285 ὅπερ
803 3234 906 3285 νόμον
931 3240 1020 3283 τινὲς
1043 3240 1106 3287 τὴν
1182 3242 1273 3280 κατὰ
1292 3244 1371 3288 τοὺς
1391 3246 1582 3299 δεκανοὺς,
1606 3238 1699 3287 ἀλλὰ
1732 3249 1850 3303 μυρίοι
1871 3248 2150 3301 μνημονεύονται
2168 3247 2227 3286 νό-

81 3282 138 3307 του
158 3285 284 3324 αστρου
307 3290 476 3328 ενεργειαν
490 3283 661 3334 λεγουσιν.
1183 3317 1256 3351 μοι,
1277 3303 1389 3342 πάλαι
1404 3306 1630 3359 ἆμειφθέντες
1649 3308 1710 3346 καὶ
1726 3312 1785 3347 νῦν
1807 3309 2040 3362 ὑπάρχοντες.
2061 3308 2146 3350 Πῶς
2163 3306 2206 3344 δέ
2211 3319 2223 3354 ς

272 3333 294 3342 ‘⁸
370 3336 381 3350 ³
526 3342 548 3350 ‘-
591 3343 606 3356 ’s
698 3352 710 3358 -

152 3329 224 3368 Καὶ
242 3346 334 3382 πως,
354 3349 382 3372 ει
410 3338 568 3390 ἑπταχως
588 3356 770 3397 οιαιρειται
801 3353 822 3397 ἧ
844 3354 1047 3405 οἰκουμένη,
1070 3359 1105 3396 ἐν
1184 3362 1218 3397 ἐν
1241 3364 1359 3416 ταύτῷ
1384 3364 1547 3416 τμήματι
1576 3366 1655 3410 τοὺς
1683 3367 1971 3420 ἀνθρωποὸόρους
2002 3365 2131 3410 Ἰνδοὺς
2163 3365 2223 3404 καὶ
2274 3362 2275 3367 ’
