2294 3620
638 155 875 194 13510133
906 155 976 195 DU
1005 146 1177 195 REGNE
1215 157 1283 196 DE
1314 159 1573 201 TIRIDATE.

79 237 118 290 [S
133 239 196 282 48.
199 241 212 284 ]
227 239 281 275 Le
299 238 360 274 roi
375 238 430 274 dit
445 238 574 274 alors:
597 253 613 270 «
636 238 872 274 Maintenant
893 238 1068 288 frappezr

16 268 83 347 16,
105 310 207 347 pour
234 310 310 346 que
329 297 378 333 de
405 309 462 333 ses
479 297 618 332 larmes
642 297 669 332 il
685 305 849 334 ressente
881 291 929 334 (16
948 297 1071 334 l’alle-

1 358 162 413 imgresse
203 373 218 389 ι,
246 357 294 392 Ε1
311 356 357 391 115
389 356 444 391 131
471 354 688 392 donnerent
706 356 771 392 des
799 369 919 424 coups
949 370 1014 393 sur
1029 358 1066 393 13

8 418 101 458 stete
122 423 160 452 et
180 416 215 451 16
236 414 457 463 113ΡΡ61631
476 415 734 453 6136116136111.
756 417 808 452 Le
827 417 888 453 roi
915 417 970 452 lui
995 417 1066 453 de-

13 468 164 523 [manda
190 474 291 510 alors
318 487 326 510 z
353 490 370 507 α
403 475 537 510 Est-ce
571 474 617 511 de
643 474 897 524 l'allegresse?
922 492 937 508 »
964 498 1016 503 —
1037 476 1068 513 11

6 526 79 573 *lui
96 533 311 583 repondit:
337 549 353 565 «
382 534 473 569 Sans
490 533 608 570 doute
624 562 635 580 ‚
658 546 735 581 car,
753 535 784 570 si
807 535 842 571 le
863 535 1071 571 laboureur

14 587 72 643 fine
90 593 190 630 53311
215 604 284 641 pas
309 604 397 628 sous
423 592 592 628 l'ardeur
619 593 798 629 brfilante
825 594 879 630 du
897 595 1023 639 soleil,
1044 595 1070 630 il

22 652 185 691 n'aurait
198 663 266 701 pas
280 652 318 687 la
329 651 409 699 joie
427 651 475 688 de
486 651 592 699 jouir
610 653 663 688 du
678 653 770 689 fruit
786 653 833 689 de
851 666 921 690 son
937 654 1072 690 labeur

20 710 214 753 (1111311116
228 723 341 759 repos
353 711 399 747 de
416 710 560 747 l'hiver.
582 728 598 744 »
617 714 671 748 Le
688 713 747 748 roi
760 713 880 761 reprit
900 714 1045 750 ensuite
1061 727 1070 749 ε

15 772 46 806 'n
64 773 122 807 Tu
136 783 201 807 vas
220 771 320 806 aussi
339 771 532 818 travailler
553 771 700 807 (133513
725 772 896 819 position
918 773 1072 809 terrible

16 829 77 881 ,geu
94 838 135 866 tu
162 837 200 866 te
227 837 395 867 trouveS.
418 847 434 862 ²>
460 831 508 866 Et
528 831 555 865 11
574 829 618 866 111
637 838 820 879 apportet·
841 831 893 867 du
922 833 994 878 sel,
1014 832 1069 867 du

11 890 123 934 finitre
157 896 195 925 61
229 888 283 925 (13
301 890 474 938 vinaigre
490 917 501 935 ,
521 891 556 926 le
574 889 616 925 fit
643 891 810 926 coucher
848 891 869 926 3
891 898 1012 936 16116,
1040 892 1074 927 16

8 949 152 998 ”ν153ς6
170 950 309 985 tourne
337 961 386 984 en
401 949 498 994 l'air‚
516 950 552 985 13
571 950 645 985 tete
665 951 788 985 561166
808 950 902 986 (13115
918 964 970 986 33
988 952 1076 987 etan

21 999 73 1045 de
89 1009 305 1054 menuisier,
331 1016 368 1044 et
390 1009 444 1043 lui
465 1007 509 1044 111
529 1017 664 1045 mettre
683 1022 738 1044 un
754 1022 890 1045 roseau
913 1010 1006 1046 (13115
1025 1011 1077 1046 165

19 1068 175 1105 marines
192 1080 293 1116 pour
317 1068 372 1103 lui
390 1067 484 1104 faire
507 1068 691 1104 absorber
714 1081 757 1104 ce
775 1068 962 1118 melange.
989 1070 1076 1105 Puis

7 1126 53 1164 *Til
76 1126 119 1163 fit
141 1134 320 1176 apporter
343 1127 409 1162 des
435 1139 514 1163 sacs
539 1128 621 1164 faits
646 1127 692 1164 de
718 1140 843 1176 peaux
871 1128 918 1164 de
947 1129 1075 1164 brebis

8 1187 183 1235 *templis
205 1186 271 1222 des
291 1187 449 1222 cendres
470 1186 561 1222 d⁷un
583 1187 744 1232 brasier‚
769 1200 837 1236 pas
855 1200 951 1223 assez
974 1200 1075 1224 rem-

12 1247 99 1296 'plis
121 1258 221 1295 pour
238 1245 328 1293 qu’il
351 1259 396 1282 ne
416 1246 680 1295 Ρύ1165ρ1161,
699 1247 791 1282 mais
804 1245 1076 1283 suffisamment

7 1296 126 1356 {pour
149 1318 224 1354 que
254 1306 290 1341 la
322 1305 483 1354 cendre,
519 1306 571 1341 lui
604 1312 779 1341 montant
804 1318 853 1341 au
885 1318 1070 1355 cerveau,

23 1364 95 1415 put
111 1365 147 1400 le
177 1371 431 1402 tourmenter.
456 1364 517 1401 On
536 1365 588 1400 les
608 1365 664 1399 lui
690 1365 760 1399 mit
782 1376 847 1400 sur
860 1365 897 1400 la
916 1366 989 1401 tete
1002 1394 1012 1414 ,
1038 1372 1076 1401 et

26 1437 78 1460 on
102 1424 156 1459 lui
185 1436 286 1459 serra
314 1421 544 1459 l'ouverture
569 1423 622 1458 du
642 1435 704 1459 sac
734 1431 874 1460 autour
897 1423 949 1460 du
971 1437 1069 1470 cou3

11 1483 53 1520 ·il
71 1490 171 1520 resta
195 1484 287 1519 ainsi
308 1482 478 1531 pendant
494 1483 550 1519 six
567 1481 691 1529 jours.

79 1682 102 1732 5
133 1682 196 1725 48.
228 1672 338 1719 Εἶπεν
359 1679 395 1718 δὲ
427 1681 445 1717 ὃ
479 1678 664 1731 βασιλεύς·

707 1677 854 1731 Τύψατε
896 1678 999 1717 αὐτὸν
1023 1682 1070 1732 τῷ

24 1741 196 1792 κλαυθμῷ
209 1771 219 1789 ,
239 1739 356 1778 σκεύει
371 1742 439 1777 τῶν
457 1738 639 1790 δακρύων,
655 1737 714 1776 ἵνα
731 1737 814 1790 ἔλθῃ
836 1740 930 1789 αὐτῷ
947 1739 1072 1791 εὖφρο-
1117 1746 1121 1749 ’

25 1798 130 1846 σύνη.
155 1800 229 1839 Καὶ
252 1798 464 1851 ἐκολάφισαν
483 1798 585 1836 αὖτὸν
607 1799 654 1841 εἷς
670 1796 734 1844 τὴν
747 1796 903 1851 κεφαλὴν
918 1827 928 1844 ,
949 1797 1071 1836 παίον-

27 1874 81 1903 τες
117 1860 249 1903 δεινῶς.
311 1859 448 1896 Οὐκοῦν
499 1858 647 1895 ἐνταῦθα
677 1856 846 1895 κοπίασον
881 1857 1072 1908 ἐργατικῶς

26 1918 85 1957 διὰ
103 1921 171 1956 τῶν
191 1916 367 1970 βασάνων,
387 1918 422 1954 ἐν
440 1909 494 1960 αἷς
513 1915 678 1964 ἕστηκας.
702 1915 777 1955 Καὶ
792 1915 973 1955 ἐκέλευσεν
992 1917 1068 1954 ἐνε-

26 1981 156 2030 χθῆναι
189 1976 278 2019 ἅλας
306 1976 367 2015 καὶ
395 1975 510 2028 νίτρον
540 1975 601 2014 καὶ
633 1974 708 2020 ὄξος
744 1977 978 2027 δριμύτατον,
1009 1975 1069 2013 καὶ

24 2035 149 2076 ὕπτιον
171 2035 275 2075 αὗτὸν
289 2036 455 2074 διπλῶσαι
474 2035 535 2074 καὶ
551 2033 616 2082 τὴν
635 2035 792 2087 κεφαλὴν
810 2036 1070 2088 ἀσφαλισθῆναι

29 2096 64 2135 ἔν
82 2099 132 2149 τῷ
160 2094 288 2149 κοχλίᾳ
316 2098 387 2134 τῶν
413 2093 600 2143 τεκτόνων,
624 2094 686 2133 καὶ
716 2094 879 2145 καλάμου
907 2093 1072 2133 αὐλίσκον

27 2154 136 2203 πῆξαι
156 2157 191 2193 ἐν
211 2157 255 2208 τῇ
279 2154 347 2207 ῥινὶ
375 2155 504 2205 αὐτοῦ,
528 2156 674 2192 κάκεῖνα
699 2153 917 2202 ἀναμιγέντα
935 2153 992 2192 διὰ
1011 2157 1071 2192 τοῦ

29 2214 197 2254 αὖλίσκου
211 2214 398 2266 καταχέειν
417 2216 466 2259 εἷς
484 2212 549 2259 τὴν
566 2212 739 2265 κεφαλήν.
760 2212 833 2253 Καὶ
851 2212 941 2263 μετὰ
958 2216 1072 2250 ταῦτα

29 2275 206 2314 ἐκέλευσεν
222 2304 232 2321 ,
263 2273 324 2312 καὶ
344 2273 497 2324 ἤνεγκαν
523 2271 660 2311 θύλακοι
685 2273 890 2325 δερμάτινον
911 2271 971 2310 καὶ
999 2271 1072 2321 ἐγέ-

26 2348 136 2385 μισαν
161 2333 264 2372 αὐτὸν
298 2332 502 2384 καμινιαίας
525 2333 695 2384 αἷθάλης,
728 2331 789 2370 καὶ
821 2330 990 2377 ἐποίησαν
1015 2330 1072 2367 ἵνα

32 2392 81 2444 μὴ
98 2392 189 2431 πάνυ
202 2391 428 2441 μεμέστωται
440 2390 556 2430 ἕνεκεν
572 2393 633 2437 τῆς
650 2390 861 2443 δοσοληψιάς
876 2393 939 2437 τῆς
952 2393 1073 2441 πνοῆς,

26 2449 122 2495 ὅπως
140 2450 400 2494 εἷσελκύσαντος
415 2453 474 2489 τοῦ
491 2449 681 2502 ἐγκεφάλου
702 2452 899 2502 βασανισθῇ
917 2451 1051 2502 πικρῶς
1063 2465 1071 2473 ·

31 2508 91 2548 καὶ
124 2509 327 2553 ἐνδύσαντες
347 2511 393 2553 εἷς
414 2508 477 2556 τὴν
504 2508 663 2561 κεφαλὴν
682 2509 722 2546 τὸ
744 2508 858 2558 στόμα
876 2511 937 2545 τοῦ
968 2507 1074 2545 θύλα-

32 2569 90 2621 κος
103 2600 113 2620 ,
147 2563 361 2621 περιέδησαν
404 2570 454 2621 τῷ
489 2567 659 2619 τραχήλῳ
690 2568 813 2605 αὐτοῦ·
847 2565 907 2604 καὶ
941 2563 1073 2616 ἔμεινεν

29 2626 142 2673 «οὕτως
162 2627 196 2672 ἓξ
210 2627 359 2680 ἡμέρας.

85 2689 107 2738 S
137 2694 201 2738 49.
355 2686 443 2726 Ἐπὶ
458 2688 578 2724 πλεῖον
604 2685 640 2724 δὲ
665 2684 834 2737 ὀργισθεὶς
850 2687 867 2722 ὁ
891 2682 1076 2736 βασιλεὺς,

29 2747 212 2786 »ἐκέλευσεν
248 2748 354 2793 δῆσαι
383 2744 461 2788 τοὺς
496 2745 606 2788 πόδας
639 2745 744 2782 αὐτοῦ
776 2743 958 2794 σπαρτίοις
972 2772 982 2790 ,
1016 2741 1076 2780 καὶ

32 2805 126 2844 κατὰ
144 2804 301 2860 κεφαλὴν
322 2804 518 2857 κρεμάσαι,
538 2803 599 2841 καὶ
618 2802 805 2855 καταχέειν
823 2801 880 2840 διὰ
891 2805 953 2848 τῆς
973 2800 1075 2853 ἔδρας

16 2899 17 2902 ,
34 2863 125 2916 ὕδωρ
146 2867 193 2909 εἷς
211 2865 252 2903 τὸ
269 2864 361 2907 ἐντὸς
379 2865 555 2902 αὖτοῧ....

88 2925 111 2975 ἓ
142 2924 192 2962 50
198 2952 261 2963 .....
295 2922 368 2962 Καὶ
397 2921 577 2960 ἐκέλευσεν
599 2920 701 2965 ξῦσαι
720 2921 781 2963 τὰς
799 2919 955 2972 πλευρὰς
971 2921 1076 2957 αὐτοῦ

28 2983 188 3036 «σιδηροῖς
208 2981 338 3029 ὄνυξιν,
359 2980 423 3025 ἕως
443 2975 482 3019 οἷ
497 2980 718 3032 κατηρδεύθη
736 2979 774 3017 τὸ
793 2978 917 3032 ἔδαφος
932 2980 1001 3016 ἀπὸ
1016 2982 1077 3016 τοῦ

38 3040 187 3091 αἵματος
208 3041 313 3080 αὐτοῦ
320 3069 502 3079 ...........
525 3039 598 3078 Καὶ
619 3038 799 3078 ἐκέλευσεν
823 3040 972 3090 ἐνεγκεῖν
1001 3053 1076 3089 τρι-

31 3100 161 3149 βόλους
190 3102 224 3138 ἐν
256 3099 408 3152 κοφίνοις
433 3097 494 3136 καὶ
516 3099 550 3136 ἓν
574 3101 618 3150 τῇ
642 3100 687 3150 γῇ
720 3100 904 3149 ῥανθῆναι·
927 3095 988 3134 καὶ
1016 3112 1077 3147 γυ-

33 3159 242 3210 μνώσαντες
257 3158 314 3196 τὸν
331 3157 522 3209 Γρηγόριον
544 3156 715 3205 ἥπλωσαν
734 3156 852 3195 ἐπάνω
867 3158 935 3194 τῶν
958 3154 1078 3207 τριὸό-

32 3229 122 3269 Λων,
141 3218 201 3257 καὶ
215 3216 451 3264 κατεκεντήθη
466 3218 554 3266 ὁμοῦ
576 3216 655 3255 ὅλον
677 3214 715 3253 τὸ
734 3217 839 3266 σῶμα
865 3215 985 3254 αὐτοῦ.
1005 3214 1079 3253 Σύ-

42 3291 152 3329 ροντες
178 3276 216 3315 δὲ
255 3276 378 3326 αὐτὸν,
402 3274 617 3324 ἔκαλίνδουν,
639 3275 700 3313 καὶ
725 3274 991 3326 περιέστρεφον,
1016 3272 1079 3315 ἕως

34 3340 99 3374 τοῦ
132 3338 181 3386 μὴ
219 3338 406 3386 ἄπομεῒναι
433 3333 538 3373 τόπον
572 3333 762 3385 ὁλόκληρον
792 3334 826 3371 ἐν
852 3335 902 3385 τῷ
941 3332 1079 3381 σώματι

39 3394 158 3433 αὐτοῦ.

1627 249 1699 286 ΙΧ.

1194 367 1233 418 [S
1249 372 1311 417 49.
1317 367 1390 419 ]....
1398 373 1469 407 ,Et
1484 372 1519 407 le
1537 373 1616 417 roi,
1639 385 1656 408 s
1660 373 1820 410 'irritant
1844 376 1890 412 de
1909 376 1996 425 plus
2018 392 2064 416 en
2077 382 2180 429 plus,

1142 428 1196 463 lui
1221 427 1265 464 fit
1285 429 1355 465 1161
1374 430 1427 466 les
1446 431 1555 479 pieds
1578 444 1668 468 avec
1694 433 1761 469 des
1781 437 2000 486 courroies‚
2019 446 2056 474 et
2078 441 2113 476 16
2140 441 2184 478 fit

1143 489 1350 536 suspendre
1375 489 1410 526 la
1432 491 1507 526 1616
1531 503 1579 527 63
1598 491 1691 535 1135,
1720 493 1747 528 11
1772 492 1824 529 131
1848 494 1890 530 111
1906 503 2040 533 mettre
2061 511 2115 534 un
2137 513 2193 536 en·

1144 549 1495 597 tonn0i1·i11’anus,
1526 558 1587 597 et,
1613 563 1704 588 avec
1734 553 1799 589 des
1828 563 1977 602 outres,
2005 556 2033 592 il
2063 557 2117 593 lui
2143 558 2186 595 fit

1144 619 1273 644 verser
1294 608 1342 645 de
1364 608 1460 646 l’eau
1479 610 1570 647 dans
1589 611 1643 647 les
1664 614 1854 649 6311311165
1856 642 1928 651 .....

1638 753 1692 790 X.

1204 887 1242 938 [S
1273 888 1350 934 5o.]
1380 890 1427 925 Et
1460 890 1486 925 il
1517 891 1692 928 ordonna
1717 892 1835 940 qu'on
1853 893 1907 928 lui
1934 893 2105 930 (1661111111
2135 896 2187 932 les

1148 945 1265 983 flancs
1281 960 1371 985 avec
1389 949 1450 986 des
1469 951 1641 987 crochets
1661 951 1709 987 de
1730 952 1801 1001 fer,
1818 951 1972 1001 jusqu’a
1994 966 2038 990 66
2058 966 2134 1002 que
2153 956 2188 992 16

1149 1007 1206 1042 501
1219 1006 1276 1042 fut
1295 1010 1423 1044 311056
1438 1009 1486 1045 (16
1503 1022 1575 1046 503
1588 1023 1804 1060 sang........
1827 1013 1951 1059 Puisjl
1962 1015 2189 1051 commanda

1149 1059 1267 1114 qu'on
1278 1068 1454 1116 apportat
1465 1069 1529 1105 des
1537 1071 1642 1106 olous
1653 1078 1690 1106 61
1701 1071 1766 1107 (165
1780 1072 1955 1108 crochets
1969 1072 2015 1108 de
2027 1073 2083 1109 fer
2097 1074 2190 1110 dans

1148 1126 1351 1175 beaucoup
1366 1127 1414 1164 de
1430 1130 1598 1176 paniers,
1617 1130 1734 1178 qu'on
1749 1131 1801 1166 les
1821 1131 1991 1179 disposat
2003 1145 2074 1180 par
2089 1140 2189 1170 terre

1150 1187 1493 1235 tres-rapproches‚
1510 1196 1559 1233 et,
1578 1189 1687 1238 apres
1703 1191 1811 1225 avoir
1826 1191 1956 1227 enleve
1970 1191 1991 1227 a
2005 1192 2190 1241 Gregoire

1148 1259 1204 1283 ses
1217 1246 1435 1292 vetements‚
1449 1260 1501 1283 on
1512 1248 1548 1284 16
1572 1244 1652 1292 jeta
1667 1248 1810 1287 dessus.
1835 1249 1896 1285 011
1910 1250 2089 1300 luiperca
2105 1259 2190 1288 tous

1148 1306 1201 1342 les
1217 1305 1424 1350 membres,
1446 1319 1497 1342 on
1515 1307 1550 1344 16
1570 1309 1712 1354 traina,
1736 1322 1787 1345 on
1803 1309 2011 1346 l'ensevelit
2026 1323 2189 1359 presque

1149 1365 1241 1401 dans
1269 1366 1322 1401 les
1340 1366 1492 1414 pointes
1525 1366 1572 1402 de
1594 1366 1662 1412 fer,
1684 1375 1722 1403 61
1743 1381 1794 1404 on
1812 1369 1847 1405 16
1880 1370 1993 1405 10313
2027 1369 2075 1406 (16
2105 1371 2191 1406 16116

1147 1432 1248 1460 sorte
1270 1424 1363 1473 qu'il
1382 1437 1430 1461 ne
1448 1433 1548 1461 resta
1575 1427 1661 1474 plus
1680 1440 1755 1463 une
1773 1429 1876 1464 seule
1894 1429 2017 1476 partie
2047 1428 2094 1465 de
2121 1442 2191 1466 son

1149 1496 1260 1532 corps
1281 1484 1348 1532 qui
1366 1497 1414 1520 ne
1434 1483 1492 1520 fut
1509 1493 1689 1521 converte
1703 1486 1750 1522 de
1769 1487 1952 1523 blessures
1958 1515 2034 1526 .....

1190 1679 1208 1720 §
1225 1682 1278 1712 48.
1301 1681 1371 1712 Rex
1385 1681 1499 1712 autem
1519 1679 1627 1712 dixit:
1656 1681 1823 1714 Percutite
1843 1691 1919 1714 eum
1943 1691 2048 1723 usque
2073 1683 2115 1715 ad
2132 1683 2193 1716 fle-

1143 1754 1235 1792 tum,
1250 1752 1447 1785 asserentem
1470 1753 1651 1795 lacrymas,
1672 1755 1710 1786 ut
1732 1754 1859 1787 oriatur
1878 1754 1988 1787 eidem
2004 1755 2132 1788 laetitia.
2152 1758 2194 1789 Et

1145 1823 1290 1864 colaphis
1312 1832 1390 1856 eum
1419 1824 1610 1857 ceciderunt
1633 1825 1667 1857 in
1685 1827 1804 1867 caput,
1837 1826 2059 1868 percutientes
2084 1826 2186 1860 vehe-

1146 1894 1286 1925 menter.
1306 1895 1390 1936 Ergo
1409 1893 1464 1926 hic
1482 1895 1594 1928 labora
1607 1904 1744 1937 operose
1761 1905 1821 1938 per
1835 1898 2009 1937 tormenta,
2025 1897 2059 1929 in
2072 1896 2193 1938 quibus

1147 1964 1347 1997 constitutus
1359 1974 1405 1998 65,
1421 1967 1463 1998 Et
1470 1965 1570 2006 jussit
1578 1966 1689 1999 afferri
1705 1967 1808 2000 salem
1822 1968 1857 1999 et
1869 1968 1994 2000 nitrum
2010 1968 2045 2000 et
2063 1969 2193 2000 acetum

1150 2036 1499 2078 vehementissimum,
1527 2047 1668 2079 eumque
1687 2038 1818 2072 extendi
1846 2038 2036 2080 resupinum
2048 2064 2057 2079 ‚
2076 2041 2190 2080 caput-

1147 2115 1211 2148 que
1230 2107 1371 2139 cochleae
1384 2107 1649 2140 architectonicae
1660 2108 1734 2140 tuto
1746 2107 1888 2149 imponi,
1902 2109 1937 2140 et
1951 2107 2022 2140 nari
2038 2107 2111 2149 ejus
2125 2116 2194 2149 par-

1145 2187 1221 2209 vam
1240 2177 1330 2219 infigi
1343 2178 1506 2218 fistulam,
1521 2178 1642 2219 illaque
1663 2178 1760 2211 simul
1773 2179 1951 2211 commixta
1969 2188 2028 2221 per
2046 2177 2193 2210 fistulam

1147 2248 1271 2280 effundi
1297 2249 1331 2280 in
1357 2250 1466 2291 caput.
1511 2248 1638 2281 Deinde
1650 2249 1768 2290 Jussit,
1788 2250 1822 2281 et
1846 2249 2029 2281 attulerunt
2059 2256 2192 2280 saccum

1148 2320 1333 2352 coriaceum
1345 2345 1353 2359 ,
1378 2328 1479 2360 quem
1495 2319 1628 2360 fuligine
1646 2328 1687 2351 ex
1704 2319 1831 2351 camino
1847 2319 2076 2360 repleverunt,
2095 2320 2129 2350 et
2144 2318 2192 2350 fe-

1148 2392 1265 2423 cerunt
1282 2399 1322 2422 ne
1341 2390 1479 2422 nimium
1492 2390 1674 2430 repleretur
1692 2389 1735 2421 ad
1749 2389 1995 2430 respirationem
2005 2397 2071 2420 non
2087 2389 2192 2430 impe-

1149 2460 1304 2493 diendam
1317 2484 1325 2498 ‚
1344 2464 1383 2492 ut.
1395 2459 1532 2492 cerebro
1553 2458 1738 2491 attrahente
1755 2458 1872 2491 acriter
1898 2459 2110 2499 torqueretur
2133 2471 2141 2490 :
2159 2459 2194 2490 et

1149 2531 1341 2562 inducentes
1364 2529 1464 2571 capiti
1483 2529 1555 2570 ejus
1581 2537 1619 2561 os
1642 2528 1782 2568 sacculi,
1800 2528 1884 2560 collo
1905 2528 1976 2567 ejus
1994 2527 2191 2569 alligarunt:

1149 2601 1243 2634 etsie
1263 2599 1385 2632 mansit
1402 2608 1461 2631 sex
1479 2598 1607 2631 diebus.

1759 2646 1775 2666 0

1190 2681 1269 2722 §49
1273 2702 1562 2712 .........
1588 2679 1658 2710 Rex
1687 2685 1765 2709 vero
1796 2676 1901 2718 magis
1931 2669 2191 2716 excandescens,

1152 2740 1288 2772 funibus
1318 2738 1419 2780 pedes
1448 2738 1520 2779 eJ'us
1550 2735 1694 2778 colligari
1712 2735 1828 2778 jussit,
1862 2735 2133 2777 praecipitemque
2159 2735 2193 2767 in

1150 2802 1248 2843 caput
1267 2799 1438 2842 suspendi,
1471 2799 1504 2831 et
1534 2807 1593 2840 per
1611 2806 1711 2830 anum
1732 2797 1804 2839 ejus
1837 2805 1879 2829 ex
1908 2795 2039 2829 utribus
2061 2795 2194 2829 infundi

1151 2869 1271 2901 aquam
1286 2859 1319 2890 in
1335 2858 1513 2890 interiora..
1521 2883 1528 2889 .
1536 2883 1542 2889 .

1194 2919 1212 2960 ἓ
1232 2922 1282 2950 50.
1311 2942 1374 2950 .....
1391 2916 1498 2950 Jussit
1508 2917 1619 2949 autem
1636 2916 1746 2948 latera
1762 2915 1834 2957 ejus
1847 2914 1921 2946 radi
1933 2913 2065 2956 ungulis
2078 2913 2194 2947 ferreis

1150 2983 1254 3015 donec
1273 2982 1498 3024 pavimentum
1526 2981 1679 3022 sanguine
1712 2980 1783 3021 ejus
1809 2979 1972 3021 rigaretur
1976 3003 2193 3014 ................

1147 3050 1234 3080 Τ313
1273 3048 1373 3088 jussit
1406 3047 1439 3079 in
1462 3046 1609 3089 cophinis
1633 3046 1744 3079 afferri
1769 3046 1929 3087 tribulos,
1968 3046 2076 3087 iisque
2111 3055 2192 3079 con·

1150 3120 1256 3163 spergi
1279 3123 1402 3153 terram
1435 3133 1442 3151 ι
1463 3121 1498 3153 et
1520 3119 1682 3152 nudatum
1709 3119 1902 3160 Gregorium
1928 3127 2027 3160 super
2052 3117 2194 3150 tribulos

1150 3190 1385 3228 extenderunt,
1404 3190 1579 3230 totumque
1609 3187 1707 3220 simul
1725 3187 1796 3227 ejus
1815 3195 1935 3228 corpus
1953 3185 2192 3228 punctionibus

1151 3242 1321 3300 impletum
1336 3258 1388 3289 est
1407 3270 1415 3288 ι
1433 3256 1599 3289 trahentes
1621 3265 1752 3298 quoque
1771 3256 1896 3298 ipsum,
1915 3255 2074 3297 tegebant
2089 3255 2193 3298 (acu-

1151 3325 1212 3357 leis
1223 3324 1250 3366 P)
1266 3323 1345 3356 etin
1363 3323 1402 3355 iis
1412 3322 1726 3363 circumvolvebant,
1741 3322 1845 3355 donec
1861 3332 1926 3356 non
1933 3323 2082 3356 maneret
2098 3322 2193 3355 locus

1155 3391 1278 3432 integer
1297 3390 1330 3422 in
1349 3390 1419 3431 ejus
1439 3397 1613 3431 corpore...

2073 3456 2102 3481 ο.
