2314 3620
854 138 924 177 DE
954 138 1140 180 CODICE
1170 138 1471 181 PARISIENSI.
2165 147 2236 200 xiij

79 227 172 273 tire,
196 226 288 264 dum
316 227 427 262 aliter
444 238 524 263 rem
545 228 750 276 eloquatur
770 229 951 278 scriptor,
974 242 1020 266 ex
1049 243 1128 280 quo
1149 232 1264 268 ducta
1283 233 1455 268 narratio
1474 240 1543 270 est.
1566 233 1814 270 Communem
1836 236 1950 285 igitur
1972 245 2238 287 excerptorum

74 294 242 337 ,fundum
274 293 430 342 utrique
451 293 602 330 subesse
624 294 902 332 concludimus.
928 296 1050 333 Porro
1075 310 1195 346 quum
1222 298 1360 335 Noster
1391 311 1436 334 ex
1461 299 1626 335 Arriano
1651 308 1832 350 excerpta
1865 301 1944 338 duo
1969 304 2235 341 tantummodo

77 360 228 406 afferat,
258 360 370 410 plura
389 371 481 396 vero
502 371 549 395 ex
570 359 705 396 eodem
732 361 955 408 Anonymus
990 361 1270 411 depromserit,
1299 362 1389 399 hinc
1424 375 1580 411 quoque
1608 364 1844 412 colligimus,
1871 366 1979 413 qnod
1996 367 2071 403 alio
2091 368 2234 406 indicio

77 427 173 463 moti
186 425 266 474 jam
286 424 520 473 conjecimus
534 454 545 473 ,
567 425 713 462 scilicet
740 426 779 462 in
800 426 935 462 codice
961 427 1132 463 Parisino
1153 428 1307 463 nonnisi
1337 429 1474 464 selecta
1495 428 1672 476 quaedam
1692 442 1738 465 ex
1757 431 1974 478 antiquiore
1994 438 2032 467 et
2062 433 2235 481 pleniore

77 499 316 542 syntagmate
347 492 475 541 capita
505 491 692 528 exhiberi.
716 491 900 528 Similiter
931 493 1045 528 etiam
1077 493 1118 529 in
1155 494 1311 542 singulis
1333 493 1600 530 obsidionibus
1619 496 1788 531 narratio
1818 498 2012 544 Anonymi
2050 498 2236 547 integrior

81 565 135 594 est
155 565 192 595 et
214 557 262 593 ab
294 558 479 604 auctoris,
501 558 566 607 qui
602 558 838 606 excerpitur,
864 558 993 595 verbis
1019 559 1144 595 minus
1179 558 1347 603 recedit,
1373 558 1470 595 adeo
1506 566 1549 595 ut
1576 560 1716 596 Noster
1743 561 1792 596 sit
1818 561 2080 610 antiquiorum
2110 575 2238 599 excer-

78 630 235 672 ptorum
257 630 464 672 excerptor
496 623 702 673 negligens.
744 621 786 674 (⁴)
812 625 984 672 Eamque
1016 625 1205 660 rationem
1231 623 1292 660 vel
1324 637 1367 660 ea
1401 613 1610 661 ostendunt
1643 633 1843 674 excerpta,
1871 638 2037 674 quorum
2060 635 2232 665 tenorem

80 702 165 726 cum
192 689 321 726 verbis
340 689 530 734 auctoris,
554 701 601 725 ex
625 701 704 738 quo
727 689 840 726 ducta
870 697 981 739 sunt,
1004 689 1180 726 conferre
1204 690 1406 727 nonlicet.
1439 687 1637 737 Ejusmodi
1669 698 1724 727 est
1747 693 1919 728 narratio
1947 692 1995 728 de
2020 693 2180 730 obsessis
2200 701 2239 730 et

81 756 303 806 expugnatis
336 755 542 804 Syracusis.
571 756 767 802 Quatenus
796 756 845 792 de
867 756 925 792 his
959 755 1092 793 eadem
1128 757 1241 792 etiam
1276 757 1502 803 Anonymus
1530 763 1683 800 narrat,
1712 756 1866 806 plenior
1894 757 1955 793 hic
1989 766 2026 793 et
2058 759 2242 807 integrior

79 828 154 866 est;
177 827 365 870 quatenus
381 833 429 857 ex
447 833 527 856 uno
548 818 684 857 codice
700 820 876 858 Parisino
897 821 1130 870 pendemus,
1152 821 1290 870 supina
1308 821 1544 870 excerptoris
1566 821 1795 870 negligentizi
1820 823 1879 858 vel
1908 835 1954 858 ex
1983 835 2029 858 eo
2055 830 2216 872 apparet
2231 851 2243 870 ,

81 885 189 936 quod
209 886 361 936 Polybii
391 887 652 923 narrationem
686 887 737 923 ita
771 887 984 935 truncavit,
1016 895 1059 923 ut
1077 887 1171 923 urbs
1198 900 1278 923 non
1308 899 1407 923 anno
1436 886 1592 923 demum
1633 900 1708 922 212
1741 900 1777 924 a.
1797 888 1840 936 C,
1870 886 1937 924 sed
1958 889 2088 936 paucis
2107 887 2242 925 diebus

78 959 167 1002 post
188 965 304 1002 quam
324 965 387 990 an.
412 958 487 997 214
506 953 647 989 frustra
668 966 751 990 eam
781 954 981 990 Marcellus
1001 960 1318 1003 oppugnaverat,
1346 961 1456 1002 capta
1480 965 1558 989 esse
1579 952 1770 989 videatur.

133 1018 311 1055 Ceterum
340 1018 485 1055 fontem
522 1032 567 1056 ex
590 1032 668 1068 quo
684 1027 765 1055 tum
789 1022 1015 1068 Anonymus
1046 1027 1126 1056 tum
1144 1027 1276 1056 noster
1303 1021 1470 1068 scriptor
1491 1027 1673 1068 excerpta
1704 1031 1772 1055 sua
1800 1020 2031 1068 petiverint,
2057 1021 2096 1055 in
2116 1020 2240 1056 colle-

79 1084 222 1119 ctaneis
252 1083 576 1121 Constantinianis
606 1097 811 1134 agnoscere
836 1085 931 1120 mihi
967 1084 1117 1123 videor.
1153 1085 1299 1120 Etenim
1337 1084 1628 1121 Constantinum
1659 1082 2062 1136 Porphyrogenitum,
2103 1085 2170 1133 qui
2210 1091 2248 1120 et

80 1150 159 1198 ipse
191 1149 366 1197 quaedam
387 1149 441 1185 de'
468 1163 510 1186 re
549 1151 686 1186 tactica
717 1150 1001 1196 elaboraverat,
1025 1150 1243 1198 antiquiora
1264 1149 1311 1185 de
1340 1150 1454 1185 rebus
1476 1147 1622 1185 bellicis
1654 1149 1796 1197 scripta
1826 1156 1862 1185 et
1882 1150 2023 1185 horum
2045 1150 2246 1185 illustran-

81 1213 221 1250 dorum
257 1227 394 1261 causa,
417 1227 464 1252 ex
489 1227 597 1252 more
628 1216 813 1264 antiquo,
851 1222 1032 1264 excerpta
1055 1216 1239 1251 historica
1260 1214 1477 1263 colligenda
1501 1226 1653 1250 curasse
1690 1221 1794 1250 recte
1826 1214 1931 1250 haud
1964 1214 2082 1250 dubie
2102 1226 2125 1250 a
2155 1215 2246 1251 viris

81 1280 207 1318 doctis
237 1282 432 1328 statuitur,
461 1295 698 1333 quamquam
733 1282 918 1319 disertum
943 1282 1023 1330 ejus
1051 1283 1109 1318 rei
1129 1282 1390 1318 testimonium
1423 1280 1616 1317 desidero.
1647 1280 1832 1316 Fortassis
1851 1279 1931 1327 ejus
1962 1281 2089 1329 operis
2114 1292 2245 1316 curam

80 1345 292 1395 imperator
318 1347 511 1383 commisit
546 1349 714 1393 Heroni,
753 1360 869 1396 quem
893 1348 1071 1383 novimus
1103 1347 1296 1391 Athenaei,
1335 1347 1503 1391 Bitonis,
1526 1346 1692 1386 Heronis
1719 1345 1994 1390 Alexandrini,
2022 1346 2192 1381 Philonis
2213 1353 2250 1381 et

83 1424 162 1461 prae
189 1412 324 1448 ceteris
351 1411 584 1461 Apollodori
604 1413 744 1462 scripta
763 1411 845 1449 κατ’
867 1410 1019 1463 ἐκλογὴν
1039 1410 1207 1456 συντάξαι
1227 1420 1264 1448 et
1280 1425 1430 1448 cascum
1458 1412 1614 1447 illorum
1636 1410 1788 1447 dicendi
1809 1422 1931 1460 genus
1949 1408 2042 1447 κατὰ
2062 1408 2102 1447 τὸ
2135 1407 2251 1462 σαφέ-

86 1489 209 1527 στερον
233 1478 474 1526 μεταποιῆσαι
490 1477 583 1527 (vid.
606 1490 647 1526 p.
670 1490 746 1528 199
761 1485 799 1514 et
817 1477 894 1527 296
913 1478 975 1514 ed.
992 1477 1208 1525 VVescher.)
1225 1475 1332 1513 Idem
1349 1484 1531 1525 tanquam
1545 1475 1854 1525 supplementum
1866 1475 1935 1511 τῶν
1958 1475 2249 1525 Πολιορκητικῶν

83 1543 200 1579 etiam
229 1541 452 1581 Γεωδαισίαν
479 1545 721 1592 composuit,
749 1556 797 1580 ex
818 1556 894 1593 qua
916 1544 1039 1592 liquet
1057 1543 1249 1591 scripsisse
1282 1544 1409 1578 virum
1430 1541 1762 1589 Constantinopoli
1797 1547 1980 1590 regnante
2002 1541 2250 1577 Constantino

82 1608 417 1658 Porphyrogenito
437 1606 536 1660 (Vid.
558 1607 601 1647 St
636 1609 799 1645 Vincent
829 1610 870 1645 in
888 1609 1062 1645 Extraits
1078 1616 1117 1644 et
1147 1608 1299 1644 Note’ces
1338 1609 1405 1643 des
1423 1619 1509 1645 mss.
1527 1614 1621 1642 tom.
1644 1606 1758 1651 XIX,
1791 1618 1829 1654 p.
1851 1603 1906 1654 Il,
1939 1618 1981 1654 p.
2017 1604 2094 1648 848
2122 1605 2245 1655 sqq.)

86 1674 326 1711 Exteriorem
356 1681 629 1722 excerptorum
660 1674 975 1720 adornationem,
1011 1686 1088 1723 qua
1114 1673 1272 1722 singulis
1304 1671 1591 1709 narrationibus
1624 1683 1766 1707 nomen
1799 1671 1995 1719 scriptoris
2027 1669 2250 1720 praefigitur,

86 1741 246 1778 eandem
267 1742 384 1778 habes
411 1742 451 1776 in
473 1742 705 1790 Geoponicis
725 1754 748 1778 a
776 1742 954 1779 Cassiano
987 1742 1102 1778 Basso
1137 1740 1381 1790 imperatoris
1404 1739 1509 1787 jussu
1542 1739 1736 1782 collectis,
1760 1738 1852 1774 dum
1883 1738 1956 1773 alia
1985 1744 2039 1773 est
2063 1739 2102 1772 in
2135 1738 2252 1786 quin-

83 1874 103 1896 a
116 1863 267 1904 Bulgaris
298 1866 405 1905 captae
424 1865 506 1903 (321)
526 1863 672 1905 [ineunte
687 1863 811 1896 saeculo
828 1863 969 1900 decimo,
985 1868 1022 1897 ut
1036 1864 1178 1897 videtur.
1201 1862 1277 1894 Vid.
1300 1862 1393 1894 'l‘al'el
1411 1862 1444 1893 in
1457 1861 1540 1893 libro
1554 1864 1600 1893 De
1616 1861 1849 1893 Thessalonica
1862 1869 1895 1902 p.
1917 1860 1982 1901 58]‚
1994 1858 2246 1898 Thessalonicae,

83 1911 127 1943 ab
140 1911 298 1953 Agarenis
312 1913 417 1953 captae
429 1913 525 1951 (326),
541 1911 640 1943 Aradi
654 1914 749 1951 (328),
770 1911 1070 1952 Hierosolymorum
1092 1911 1180 1950 (ib.)‚
1197 1908 1349 1942 sardium
1362 1910 1458 1949 (363),
1475 1909 1610 1940 Oxianae
1624 1909 1727 1950 petrae
1742 1909 1839 1947 (363),
1854 1916 1997 1949 quarum
2012 1908 2140 1948 partem
2160 1906 2250 1938 hand

85 1957 185 1991 dubie
204 1957 306 1991 etiam
316 1957 351 1990 in
367 1958 489 1990 nostris
508 1958 675 1999 excerptis
687 1958 897 1998 haberemus,
919 1958 947 1990 si
962 1958 1089 2000 integer
1105 1957 1209 1990 codex
1227 1955 1395 1988 Parisinus
1413 1956 1454 1987 ad
1470 1964 1531 1987 nos
1546 1954 1767 1996 perdurasset.

127 2005 167 2044 (*)
187 2006 235 2037 Ut
251 2005 403 2047 exemplo
417 2013 471 2038 res
488 2005 659 2046 probetur,
681 2005 822 2037 enotabo
834 2005 1088 2046 discrepantiam
1107 2013 1182 2045 quae
1202 2003 1286 2035 inter
1306 2004 1465 2035 Nostrum
1483 2005 1516 2034 et
1534 2004 1741 2043 Anonymum
1760 2000 1933 2034 intercedit
1955 2001 1988 2032 in
2005 1999 2194 2032 narratione
2211 1999 2253 2031 de

86 2052 163 2095 Tyri
180 2051 373 2092 obsidione,
388 2061 490 2095 quam
507 2053 679 2092 Arrianus,
697 2057 727 2093 2,
754 2062 783 2085 c.
808 2054 879 2092 13,7
893 2071 935 2076 —
951 2062 980 2085 c.
996 2056 1047 2092 24,
1065 2057 1082 2084 2
1105 2050 1336 2093 suppeditavit.
1354 2068 1395 2072 —
1414 2051 1491 2091 Pag.
1515 2052 1588 2089 308,
1610 2052 1647 2081 13
1662 2050 1713 2081 ed.
1734 2049 1908 2081 Wescher.
1928 2048 2048 2089 legitur
2073 2047 2198 2087 ἀνάγειν
2222 2048 2252 2083 ἐς

85 2102 142 2139 τὴν
151 2100 244 2133 πόλιν
256 2101 290 2133 δὲ
299 2102 436 2142 πορθμὸς
449 2102 641 2142 τεναγώδης,
662 2101 719 2133 ubi
735 2102 811 2142 post
833 2109 865 2132 v.
889 2101 979 2133 πόλιν
997 2100 1192 2132 exciderunt
1213 2107 1289 2139 quae
1310 2098 1465 2139 leguntur
1479 2097 1567 2138 apud
1581 2096 1707 2128 Arrian.
1729 2100 1758 2133 2,
1774 2105 1804 2128 c.
1834 2099 1870 2128 18
1889 2105 1922 2137 p.
1944 2100 1996 2135 52,
2017 2094 2073 2127 lin.
2099 2097 2177 2127 3·15
2198 2094 2252 2127 ed.

87 2149 201 2183 Didot.
227 2150 308 2182 Haec
332 2148 474 2187 lacuna,
498 2159 575 2191 quae
596 2158 662 2182 non
679 2151 750 2181 erat
770 2148 804 2180 in
829 2148 1002 2190 Excerptis
1021 2148 1141 2189 quibus
1160 2150 1350 2187 Anonymus
1384 2155 1467 2177 usus
1483 2147 1546 2184 est,
1567 2144 1693 2177 librarii
1706 2143 1889 2176 oscitantiae
1910 2144 2061 2176 debetur.
2077 2161 2118 2166 -
2132 2145 2204 2181 309,
2219 2147 2250 2174 6.

86 2197 187 2235 πολλὴ
201 2195 346 2238 ἀφθονία]
365 2198 491 2229 πολλῶν
505 2198 573 2237 ἀφθ.
593 2199 699 2228 Anon.
722 2198 756 2228 et
774 2195 884 2228 Arian.
899 2213 940 2218 -——
955 2198 1061 2236 309,8.
1077 2194 1168 2226 Ordo
1195 2193 1373 2226 verborum
1389 2192 1474 2225 idem
1489 2193 1538 2224 est
1555 2190 1644 2232 apud
1661 2195 1885 2232 Anonymum3
1915 2189 2000 2222 alius
2023 2191 2074 2222 est
2094 2189 2128 2221 in
2153 2187 2250 2221 codd.

88 2242 229 2275 Arriani.
245 2245 407 2283 —309,9.
426 2244 506 2276 Post
518 2252 550 2275 v.
564 2243 688 2284 ἐγένετο
707 2242 908 2275 omittuntur
925 2244 1085 2283 quattuor
1098 2249 1216 2273 versus
1230 2239 1374 2278 Arriani,
1389 2247 1474 2279 quos
1493 2238 1597 2270 habet
1618 2243 1823 2278 AnonymuS.
1846 2254 1887 2260 --
1912 2239 2040 2275 309,1Ο.
2060 2239 2105 2277 τῷ
2131 2246 2166 2268 τε
2193 2237 2252 2276 βα-

89 2291 224 2334 θυτέρῳ]
238 2302 274 2323 τε
287 2290 390 2324 habet
405 2291 506 2324 etiam
522 2293 640 2331 Anon.;
656 2291 689 2323 in
706 2291 830 2322 nostris
849 2290 978 2322 Arriani
996 2288 1092 2321 codd.
1115 2297 1180 2320 non
1198 2287 1331 2329 legitur.
1352 2305 1392 2310 -—
1410 2289 1482 2326 310,
1499 2290 1516 2317 2
1537 2284 1751 2327 προχωρήκει]
1765 2284 1887 2316 librarii
1905 2284 2071 2324 sphalma3
2088 2293 2254 2324 προκεχω-

87 2338 316 2380 ρήκειΑτι-ἰῆη.
335 2340 369 2370 et
385 2342 490 2371 Anon.
506 2337 590 2370 lhid.
608 2336 802 2378 ἐπέστησαν]
813 2337 868 2368 δύο
887 2335 1014 2368 addunt
1038 2335 1166 2367 Arrian.
1183 2335 1218 2366 et
1237 2336 1338 2365 Anon.
1363 2351 1403 2355 —
1417 2335 1527 2371 310‚3.
1546 2331 1771 2373 προκάλυμμα]
1785 2331 2035 2372 προκαλύμματα
2046 2333 2118 2361 Arr.
2137 2330 2171 2361 et
2191 2331 2251 2360 An.

96 2404 131 2410 —-
142 2389 251 2427 310,5.
275 2387 308 2419 ἐν
322 2384 447 2427 ταύτῷ]
463 2387 495 2418 ἐν
513 2389 559 2427 τῷ
574 2386 662 2427 αὐτῷ
675 2389 750 2418 Arr.
765 2386 797 2417 et
816 2388 876 2417 An.
897 2402 936 2407 —
950 2386 1056 2423 310‚7.
1075 2381 1261 2424 χωννύντες]
1282 2381 1344 2412 ἀπὸ
1358 2384 1421 2412 τῶν
1433 2381 1561 2421 πύργων
1575 2379 1703 2411 addunt
1715 2383 1785 2411 Arr.
1804 2379 1837 2410 et
1857 2380 1917 2409 An.
1934 2395 1974 2400 —-
1988 2379 2060 2415 310,
2079 2378 2110 2408 9.
2125 2376 2253 2416 κλημα-

88 2433 197 2476 τῐδων]
208 2434 379 2474 κλημάτων
396 2435 469 2465 Arr.
486 2435 520 2465 et
535 2435 596 2465 An.
617 2450 657 2456 -
673 2431 799 2465 Ibidem
813 2430 914 2463 verba
932 2431 985 2462 καὶ
1007 2431 1039 2462 ἐν
1058 2430 1167 2472 κύκλῳ
1186 2424 1435 2470 περιφράσσουσι
1452 2426 1581 2459 Arriani
1599 2428 1631 2458 et
1650 2425 1811 2465 Anonymi
1833 2424 1953 2456 omissa
1972 2423 2059 2476 sunt.
2072 2439 2114 2476 -ῒ
2127 2424 2252 2463 310,16.

90 2481 216 2523 ἔθεσαν]
229 2482 374 2514 ἐνέθεσαν
386 2484 461 2517 Art.
481 2483 516 2514 et
529 2483 590 2513 An.
609 2498 650 2503 —
664 2482 770 2518 311,8.
784 2477 1033 2520 παρεσκεύαστο]
1044 2476 1328 2519 παρεσκευασμένα
1341 2475 1378 2515 ἦν
1390 2478 1462 2507 Arr.
1482 2476 1516 2506 et
1533 2477 1591 2505 An.
1606 2491 1647 2496 —
1661 2476 1788 2511 311,12.
1807 2470 1971 2503 Nonnulla
1984 2473 2111 2502 Arriam
2124 2471 2158 2502 et
2166 2472 2252 2501 Ano-

93 2529 184 2569 nymi
203 2529 410 2562 omittuntur.
425 2531 603 2567 -312‚15.
618 2527 828 2560 omittuntur
843 2535 906 2558 non
920 2525 1101 2557 omittenda
1118 2526 1152 2556 et
1169 2524 1211 2556 ab
1226 2528 1395 2564 Anonymo
1404 2530 1467 2554 non
1483 2520 1606 2552 omissa
1622 2520 1724 2552 verba
1746 2519 1823 2555 ὅσας
1837 2519 1880 2559 μὴ
1891 2519 1927 2550 τὸ
1943 2518 2006 2549 ἀπὸ
2021 2520 2076 2555 τῆς
2089 2517 2165 2553 νεὼς
2193 2519 2255 2556 πῦρ

91 2578 237 2618 ἐπέσχεν.
253 2594 295 2601 —
311 2579 438 2616 311,16.
458 2577 537 2608 Post
555 2584 672 2608 vocem
690 2574 860 2616 ἀρξάμενος
882 2577 926 2615 (p.
941 2575 1035 2606 53.17
1054 2571 1143 2609 Did.)
1171 2570 1311 2603 inseruit
1331 2570 1432 2610 ἔγνω,
1451 2568 1539 2608 quod
1556 2575 1621 2599 non
1642 2566 1764 2598 habent
1783 2570 1855 2598 Arr.
1874 2566 1907 2598 et
1926 2566 1992 2596 An.
2014 2581 2066 2617 —·
2079 2565 2152 2600 312,
2167 2566 2198 2596 3.
2214 2565 2252 2595 ln

89 2625 224 2658 brevius
238 2624 483 2657 contrahuntur
498 2623 600 2656 verba
615 2622 744 2655 Arriani
761 2631 790 2657 c.
811 2626 860 2663 19,
877 2627 908 2661 6,
924 2630 954 2663 p.
972 2624 1023 2661 35,
1044 2623 1159 2658 30-34,
1175 2628 1250 2660 (μὴν.
1266 2618 1392 2658 integra
1409 2615 1535 2657 praebet
1552 2617 1760 2655 Anonymus.
1776 2612 1903 2646 Deinde
1919 2613 2126 2654 septuaginta
2138 2620 2254 2666 {sersus

92 2672 249 2706 editionis
266 2672 453 2705 Didotiauae
468 2673 517 2711 (c.
534 2676 586 2710 20,
605 2674 730 2710 1-21‚2.
749 2679 781 2712 p.
796 2673 848 2708 53,
867 2671 1011 2709 35-55,6)
1030 2668 1243 2705 omittuntur,
1263 2674 1349 2707 quos
1372 2663 1471 2696 habet
1490 2665 1682 2703 Anonymus
1702 2661 1836 2703 singulis
1849 2659 2052 2702 quibusdam
2066 2659 2176 2714 verbis
2192 2667 2252 2690 va-

91 2721 192 2762 rians,
211 2721 314 2754 semel
338 2720 466 2753 addens
485 2729 560 2761 quae
577 2720 610 2752 in
631 2722 746 2752 nostro
765 2718 904 2751 Arriano
919 2727 984 2749 non
1009 2717 1184 2758 leguntur3
1204 2724 1248 2746 sc.
1273 2722 1345 2755 cap.
1370 2717 1423 2752 20,
1451 2714 1480 2751 8,
1500 2720 1532 2752 p.
1552 2713 1604 2749 54,
1618 2713 1669 2763 129
1689 2712 1762 2763 post
1782 2709 1886 2742 verba
1915 2711 1947 2740 αἱ
1978 2709 2036 2740 σὺν
2065 2708 2255 2760 Ἀλεξανδρῳ

91 2773 160 2808 νῆες
175 2768 269 2801 addit
290 2781 298 2801 ε
319 2768 416 2805 εἶπως
429 2768 491 2810 ἄρα
509 2769 552 2804 εἰς
567 2767 748 2809 ναυμαχίαν
762 2767 835 2803 τοὺς
850 2765 984 2807 Τυρίους
998 2764 1263 2805 προκαλέσαιντο.
1282 2778 1323 2783 —-
1345 2762 1451 2798 312‚7‚
1467 2757 1589 2799 νήσων]
1603 2757 1728 2789 librarii
1750 2765 1863 2789 errore
1882 2765 1942 2798 pro
1961 2756 2118 2808 vsffiv,·u.tl
2134 2755 2185 2786 est
2199 2761 2252 2795 ap.

92 2818 167 2848 Arr.
190 2817 225 2849 et
238 2819 299 2849 An.
317 2833 360 2840 —
373 2818 503 2853 312‚12.
524 2814 686 2852 Quaedam
699 2814 823 2846 omissa
847 2822 923 2854 quae
945 2811 1043 2843 habet
1057 2813 1170 2842 An.—
1189 2812 1261 2847 312,
1283 2810 1394 2839 15-18.
1415 2806 1524 2838 Verba
1533 2804 1665 2838 Arriani
1680 2803 1791 2836 reddit
1805 2809 1998 2844 Anonymns
2017 2802 2098 2844 (nisi
2112 2801 2200 2842 quod
2218 2810 2252 2832 v.

92 2864 183 2904 ἐγγὺς
203 2863 349 2903 omittit),
367 2872 433 2895 non
452 2862 532 2896 item
548 2862 652 2895 codex
674 2862 792 2894 Patris,
807 2879 848 2884 —
862 2864 956 2899 315,5
971 2858 1134 2900 σχοίνους]
1152 2858 1295 2899 χοίνικας
1316 2853 1441 2889 librarii
1472 2853 1625 2895 sphalma
1643 2860 1696 2893 ap.
1720 2855 1828 2904 Anon.
1850 2853 1945 2889 313,7
1965 2853 1998 2882 et
2020 2854 2067 2881 12.
2093 2848 2255 2881 Nonnulla

92 2911 291 2945 omittuntur
310 2920 385 2954 quae
402 2911 617 2944 habetAnon.
636 2929 671 2933 —
691 2913 763 2950 313,
788 2913 837 2941 14.
859 2913 926 2945 ταῖς
938 2912 1001 2952 τῶν
1021 2907 1213 2939 Μακεδόνων
1241 2904 1349 2944 ναυσί]
1367 2905 1437 2938 ταῖς
1457 2902 1611 2942 Κυπρίαις
1622 2900 1717 2932 ναυσί
1733 2903 1858 2931 Arrian.
1879 2901 1913 2931 et
1936 2902 2040 2930 Anon.
2064 2915 2104 2920 —-
2126 2898 2252 2935 313,15.

93 2960 200 2992 Multa
228 2959 429 2993 omittuntur
457 2960 500 3001 (c.
520 2962 644 2999 22,7-c.
670 2959 757 3000 23,2)
772 2967 846 2999 quae
868 2957 970 2989 habet
994 2960 1098 2989 Anon.
1121 2973 1161 2977 -
1187 2957 1259 2991 316,
1282 2955 1312 2983 3.
1334 2951 1454 2983 Paucis
1472 2948 1636 2987 absolvit,
1653 2956 1730 2989 quae
1750 2947 1879 2988 integra
1899 2955 1940 2978 ex
1957 2949 2031 2977 ΑΠ’.
2045 2947 2132 2983 23,3,
2150 2953 2182 2985 p.
2203 2945 2252 2997 57,

95 3012 195 3041 23-27
213 3008 314 3041 habet
330 3011 391 3040 An.
410 3027 449 3034 --
470 3011 541 3048 316,
561 3011 596 3040 7.
618 3007 827 3040 Omittnntnr
856 3005 984 3038 Arrian.
1003 3014 1034 3046 p.
1056 3006 1107 3042 57,
1131 3005 1244 3038 32-58,
1267 3004 1302 3038 8;
1322 3008 1360 3031 ca
1379 3001 1568 3039 Anonymus
1591 2996 1692 3028 hahet
1710 3004 1814 3037 usquc
1828 2995 1869 3026 ad
1887 3004 1922 3036 p.
1947 2996 1998 3033 57,
2015 2996 2066 3032 42,
2082 2993 2255 3033 sequentia

94 3056 208 3098 etipse
225 3056 474 3098 comprehendit
492 3057 605 3089 verbis
627 3069 633 3087 :
653 3056 733 3088 ἀλλὰ
746 3056 800 3088 καὶ
815 3058 870 3087 τοῦ
881 3053 1005 3095 τείχους
1024 3052 1201 3091 ληφθέντος,
1215 3052 1244 3081 οἱ
1257 3050 1362 3089 Τύριοι
1379 3048 1437 3079 οὐκ
1454 3046 1642 3078 ἐνεδίδοσαν.
1824 3090 1832 3099 Ι
2182 3086 2189 3092 ι

138 3106 175 3135 111
193 3104 359 3146 Excerpto
379 3103 421 3136 de
440 3106 538 3136 Gazae
562 3103 734 3136 obsidione
755 3103 809 3144 (ex
826 3101 957 3136 Arrian.
985 3100 1089 3139 2‚25),
1111 3109 1144 3140 p.
1170 3099 1264 3135 317,3
1284 3095 1335 3128 cd.
1366 3094 1540 3127 Weselier.
1572 3091 1707 3132 Γαζέων]
1738 3093 1879 3127 Γαζαιων
1910 3091 2098 3145 10010ρο011]
2118 3090 2255 3144 Arriapo

94 3156 296 3194 Anonymus.
319 3154 425 3190 3124.
444 3153 470 3193 ᾧ
484 3152 598 3193 ὄνομα]
617 3151 654 3191 ἦν
668 3151 795 3184 addunt
809 3155 879 3184 Arr.
895 3153 927 3183 et
946 3154 1005 3183 An.
1024 3166 1062 3171 -
1081 3149 1188 3182 3129.
1205 3146 1233 3181 ἐς
1247 3143 1361 3185 alnoo-t]
1376 3144 1405 3180 ἐς
1428 3142 1525 3174 omis.
1550 3143 1621 3173 ΑΠ’.
1643 3141 1676 3172 et
1689 3144 1748 3171 An.
1773 3140 1952 3177 -317,10.
1975 3139 1990 3174 ἡ
2009 3135 2092 3177 οδος]
2113 3138 2130 3172 ἡ
2148 3144 2256 3193 ανῗοος

96 3202 169 3231 Arr.
189 3201 223 3232 et
243 3203 303 3232 An.
322 3217 363 3222 -—
380 3201 486 3238 318,2.
506 3200 557 3231 ἐπὶ
568 3204 622 3236 τῆς
637 3199 751 3241 ἀρχῆς]
765 3200 815 3230 ἐπὶ
826 3202 865 3240 τῇ
881 3199 961 3239 ἀρχῇ
980 3201 1052 3229 Arr.
1069 3197 1102 3226 ct
1125 3198 1185 3226 An.
1202 3210 1242 3216 —
1260 3193 1365 3231 318,3.
1383 3194 1422 3231 τῇ
1437 3188 1540 3229 πόλει]
1561 3189 1616 3226 τήν
1633 3188 1723 3219 πόλιν
1748 3189 1821 3242 arr.
1839 3188 1873 3217 ct
1888 3187 1948 3216 An.
1968 3202 2009 3207 ——
2030 3185 2136 3222 318,5.
2164 3193 2194 3214 οι
2219 3192 2254 3221 γε

97 3246 172 3288 μὴν]
185 3249 214 3278 οἱ
234 3247 269 3278 δὲ
289 3249 361 3278 ΛΠ.
377 3247 411 3278 et
429 3250 488 3279 An.
512 3263 547 3269 —
563 3250 670 3284 318,6.
686 3249 740 3284 τήν
754 3246 845 3278 πόλιν
866 3246 918 3277 διὰ
935 3246 1034 3285 ὕψους
1047 3245 1102 3274 τοῦ
1120 3239 1256 3281 τείχους]
1277 3239 1313 3270 τὸ
1327 3241 1430 3279 τεῖχος
1457 3237 1508 3268 διὰ
1523 3236 1622 3276 ὕψους
1641 3237 1700 3266 τοῦ
1722 3244 1871 3275 χωματος
1888 3235 1958 3264 ΑΠ’.
1973 3233 2073 3264 etAn.
2089 3247 2129 3253 ——
2141 3230 2250 3287 318,7.

99 3294 315 3336 αἱρετώτερον]
329 3294 469 3335 αἱρετέον
483 3297 560 3326 Λ11.
575 3296 609 3327 et
630 3298 691 3328 An.
710 3311 752 3317 -
781 3297 910 3332 318,15.
929 3291 1106 3325 omittitur
1126 3286 1270 3320 narratio
1284 3285 1326 3318 de
1345 3284 1555 3326 portento(p.
1578 3282 1733 3321 60312),
1755 3290 1853 3320 (prun
1874 3279 2144 3330 1131181Α11οι1,.”-
2161 3278 2254 3313 319,3

98 3344 132 3374 et
148 3345 253 3380 3203,
274 3342 436 3375 Nonnulla
451 3342 662 3383 omittuntur,
678 3351 751 3384 quae
771 3343 869 3374 hzilwt
883 3346 1086 3381 Anonymus.
1108 3337 1177 3369 lixit
1191 3339 1382 3374 Anonymus
1400 3333 1431 3364 in
1449 3341 1480 3364 v.
1504 3331 1671 3371 ἐμάχοντο.
1686 3332 1758 3370 post
1779 3337 1876 3369 qutun
1893 3335 2006 3358 vorem
2024 3327 2128 3358 oratio
2142 3324 2256 3355 lacuna

98 3388 230 3421 hiulcat.
