2294 3620
683 132 922 171 HlsrofflE
950 131 1020 171 DU
1047 119 1221 172 REGNE
1251 130 1321 170 DE
1350 131 1610 172 TIRIDATE.

134 224 191 280 [§N
214 223 300 275 62.]
334 223 428 260 Mais
465 223 501 258 la
534 222 811 258 bienheureuse
848 229 886 258 et
922 228 1124 258 vertueuse

74 285 237 330 Gaiane,
256 295 346 320 avec
377 281 592 330 Hripsime,
615 281 741 317 elevee
764 281 859 317 dans
887 282 923 317 la
947 281 1120 326 saintete,

27 331 28 359 Ξ
69 351 113 382 -et
131 357 190 381 ses
217 350 342 379 autres
361 352 614 390 compagnes‚
636 352 683 376 en
703 348 863 389 pensant
885 353 934 377 au
953 353 1040 377 voeu
1062 353 1124 377 re-

52 417 53 420 *
75 405 217 454 ligieux
233 402 282 438 de
301 401 466 437 chastete
483 399 640 448 qu'elles
651 400 798 436 avaient
812 399 894 447 fait,
907 400 1124 449 pleuraient

30 455 266 501 '22ensemble
293 472 358 496 sur
383 467 444 496 cet
460 458 576 495 ordre
594 458 646 494 du
666 460 727 495 roi
743 460 860 507 impie
880 466 917 495 et
937 459 1123 508 deprave‚

38 535 45 559 ἑ,
75 523 143 571 qui
162 520 325 569 exigeait
345 519 392 556 de
413 519 507 555 faire
527 518 628 554 leurs
655 520 850 567 portraits.
871 519 972 556 ElIes
992 531 1030 554 se
1049 518 1124 554 mi·-

49 588 159 618 ment
188 580 290 617 donc
312 579 334 615 a
354 578 459 628 priei·
491 590 582 614 avec
615 590 689 614 une
720 578 864 627 grande
898 577 1065 627 ferveur,
1084 585 1123 614 et

37 662 41 663 ν
74 639 323 677 solliciterent
348 635 461 674 l’aide
481 637 533 674 du
553 638 653 673 Dieu
671 637 998 683 misericordieux‚
1020 649 1124 687 pour

38 699 43 705 “
74 712 127 748 qu
129 699 168 734 'il
187 698 241 735 les
262 697 423 734 delivrat
440 697 492 732 du
511 696 653 751 danger
671 698 738 745 qui
759 698 812 733 les
832 698 1018 746 menaeait
1023 725 1119 734 ......

129 757 167 809 [S
196 756 280 808 65].
304 755 426 805 Apres
458 757 559 800 cela,
579 757 698 792 sainte
719 756 861 793 Gaiane
883 764 919 792 et
941 768 981 792 sa
1015 768 1122 792 com-

32 864 35 869 (
70 830 194 868 pagne
214 815 428 866 Hripsime,
457 828 548 851 avec
578 816 680 851 leurs
708 823 924 852 vertueuses
958 828 1119 864 compa-

26 902 29 903 ν
70 890 183 927 gnes‚
205 877 352 926 prirent
385 876 422 910 la
454 875 548 911 suite
574 883 612 911 et
642 876 794 911 vinrent
823 876 917 912 dans
946 888 999 911 un
1029 887 1122 924 pays

58 937 231 973 ·lointain
257 947 360 984 pour
386 947 588 971 conserver
607 935 708 970 leurs
727 935 828 970 ames
849 935 942 971 dans
962 935 999 970 la
1020 935 1121 971 sain-

71 997 145 1032 tete
156 1022 167 1041 ‚
186 995 268 1031 loin
284 994 332 1030 de
352 1006 412 1030 ces
427 994 599 1029 hommes
616 995 797 1043 grossiers
803 1022 900 1033 ......

126 1053 163 1105 [S
184 1053 251 1104 66]
258 1082 337 1090 .....
353 1053 452 1089 Elles
472 1052 683 1089 arriverent
703 1054 848 1090 ensuite
870 1066 918 1089 en
937 1053 1117 1090 Armenie

72 1114 166 1150 dans
185 1115 222 1149 la
240 1113 424 1162 province
449 1112 645 1157 d’Ararat‚
668 1112 760 1148 dans
778 1113 815 1148 la
834 1113 922 1148 ville
948 1112 997 1148 de
1017 1114 1117 1161 Vag-

69 1172 307 1209 harschabad
322 1199 333 1217 ,
373 1172 471 1207 aussi
514 1172 671 1220 appelee
710 1171 968 1220 Norkaghakn
1001 1169 1118 1222 (Ville

69 1231 214 1281 Neuve)
228 1260 239 1277 ,
261 1231 424 1280 capitale
441 1230 495 1266 du
514 1231 574 1266 roi
596 1230 827 1267 d’Arme'nie.
847 1231 944 1266 Elles
965 1243 1004 1266 se
1028 1231 1119 1267 reti-

69 1291 199 1328 rerent
237 1290 330 1326 dans
357 1303 411 1326 un
444 1290 598 1326 endroit
635 1290 687 1326 ou
723 1289 802 1326 l'on
838 1290 1040 1325 reunissait
1067 1291 1120 1326 les

122 1415 144 1463 §
164 1415 231 1453 62.
253 1411 471 1461 Θεασαμένη
495 1404 555 1449 οῧν
577 1413 598 1457 ἡ
620 1410 876 1462 μακαριωτάτη
898 1411 1035 1458 Ιάιανὴ
1057 1410 1117 1448 σὺν

67 1475 111 1524 τῇ
134 1471 218 1524 ἁγίᾳ
244 1471 394 1525 Ῥιψίμῃ
424 1470 484 1509 καὶ
512 1475 590 1514 ταῖς
618 1470 756 1513 λοιπαῖς
794 1470 1025 1519 σεμνοτάταις
1057 1470 1118 1508 καὶ

68 1530 290 1583 ἇγιοτρόποις
303 1529 471 1582 γυναιξὶν,
486 1529 714 1581 ἐμνήσθησαν
726 1545 786 1575 της
802 1528 903 1580 ἁγίας
921 1531 1116 1580 ἀποταγης,

68 1591 128 1629 καὶ
148 1594 208 1629 τοῦ
239 1605 367 1640 σεμνου
389 1588 489 1641 βίου,
511 1604 571 1627 και
591 1605 652 1636 της
672 1588 840 1627 ἐπιπόνου
862 1591 1037 1640 διαγωγῆς
1056 1589 1117 1627 καὶ

41 1687 46 1690 .
67 1665 217 1709 τροφης,
232 1651 267 1687 ἐν
285 1642 373 1693 αἷς
356 1664 446 1696 ησαν
463 1647 617 1686 ἔκπαλαι
635 1648 890 1687 παιδευθεῖσαι.
947 1649 1040 1688 Ἰότε
1057 1651 1116 1686 οὐν

67 1706 334 1754 ὃλολύζουσαι
318 1724 353 1746 εν
374 1710 516 1751 ἑαυταῖς
536 1706 594 1745 διὰ
613 1706 675 1754 τὴν
698 1706 872 1752 ἀπόδειξιν
891 1724 954 1755 της
983 1709 1115 1746 ἑαυτῶν

67 1767 310 1819 διαγνώσεως,
333 1770 395 1814 τ’ῆς
417 1767 475 1806 ἐπὶ
496 1770 556 1805 τοῦ
582 1767 807 1818 μιαρωτάτου
827 1767 887 1805 καὶ
905 1767 1115 1823 παρανόμου

70 1827 242 1880 βασιλέως
263 1826 320 1865 διὰ
338 1830 400 1874 τῆς
425 1825 554 1869 εἰκόνος
576 1827 688 1864 αὐτῶν
710 1826 915 1877 γενομένης,
941 1829 988 1870 εἷς
1011 1826 1116 1878 εὐχὰς

67 1887 128 1926 καὶ
165 1885 426 1937 ἐπιπονωτέρας
456 1884 624 1931 ἀσκήσεις
655 1886 865 1938 τραπεῖσαι,
893 1886 1113 1937 παρεκάλουν

65 1946 124 1985 τὸν
159 1945 335 1996 ἐλεήμονα
355 1944 446 1985 Θεὸν
475 1947 648 1997 βοηθῆσαι
682 1947 822 1993 αὐταῖς,
843 1945 904 1983 καὶ
933 1944 1109 1990 ἐξελέσθαι

66 2004 174 2048 αὐτὰς
198 2009 256 2043 τοῦ
277 2007 545 2056 πειρασμοῦ....

119 2066 142 2115 S
176 2065 242 2102 65.
269 2063 342 2103 Καὶ
371 2063 461 2114 μετὰ
484 2067 597 2101 ταῦτα
615 2066 637 2110 ἠ
660 2063 743 2115 ἁγία
764 2063 900 2110 Γαιανὴ
921 2062 1012 2114 μετὰ
1032 2062 1112 2104 Ῥι-

64 2122 176 2176 ψίμης
195 2123 256 2162 καὶ
275 2126 338 2170 τ’ἧς
359 2124 487 2169 λοιπῆς
508 2122 683 2166 συνοικίας
697 2153 706 2170 ,
722 2123 782 2160 καὶ
814 2126 876 2171 τῆς
896 2122 1118 2174 σεμνοτάτης

64 2182 246 2233 συνοδίας,
270 2182 487 2231 ἐξελθοῦσαι,
509 2181 713 2235 ἐπορεύοντο
738 2182 952 2234 φεύγουσαι,
970 2180 1029 2220 ἵνα
1049 2183 1111 2226 τὰς

65 2244 200 2280 ἑαυτῶν
232 2242 346 2295 ψυχὰς
373 2244 407 2280 ἐν
438 2242 604 2294 ἁγνότητι
632 2241 834 2293 τηρήσωσιν
864 2244 898 2280 ἐν
926 2244 976 2294 τῷ
1007 2242 1111 2295 φιλα-

65 2300 268 2352 μαρτήμονι
300 2299 414 2354 τούτῳ
446 2301 572 2355 κόσμῳ
606 2300 676 2339 ἀπὸ
707 2303 776 2338 τῶν
809 2300 1023 2354 παρανόμων
1052 2303 1110 2338 ἀν-

63 2358 282 2413 Optimam...-

116 2421 209 2470 §66
215 2449 329 2460 .......
353 2418 444 2458 Τότε
474 2413 531 2458 οὖν
562 2421 724 2458 ἐλθοῦσαι
753 2419 940 2473 φθάνουσιν
960 2419 1004 2458 τὰ
1033 2419 1111 2471 ὅρια

63 2481 125 2525 τῆς
153 2477 359 2531 Ἀρμενίας,
381 2480 429 2520 εἷς
450 2477 604 2532 Ἀραρὰτ
630 2478 694 2525 τὴν
723 2478 898 2530 πατρίδα,
920 2478 981 2517 καὶ
1010 2479 1110 2518 Οὐα-

62 2537 315 2591 λαρσαπὰτ,τ
295 2538 357 2584 τὴν
379 2539 600 2589 καλουμένην
631 2537 713 2576 νέαν
733 2537 852 2588 πόλιν,
875 2538 1107 2588 κεκτισμένην

63 2598 110 2641 εἷς
125 2596 326 2650 οἰκητήριον
340 2599 409 2635 τῶν
428 2598 602 2649 βασιλέων
617 2613 678 2644 της
697 2597 892 2650 Ἀρμενίας.
919 2597 1109 2637 Ἐλθοῧσαι

62 2659 121 2694 οὖν
154 2656 373 2709 εἰσέρχονται
403 2658 449 2700 εἷς
475 2674 552 2701 τους
578 2657 702 2705 ληνους
723 2674 792 2696 των
825 2658 1059 2709 ἀυπελώνων,
1077 2658 1109 2697 οἳ

62 2715 149 2754 εἷσὶν
171 2715 437 2769 ῳκοδομημένοι
467 2716 536 2754 ἀπὸ
568 2718 678 2770 βορρᾶ
705 2717 797 2755 κατὰ
825 2717 1021 2764 ἀνατολάς,
1045 2718 1105 2756 καὶ

58 2774 246 2828 ἐτρέφοντο
267 2778 306 2813 ἐκ
325 2778 392 2814 τῶν
415 2775 511 2814 ἰδίων
533 2775 603 2814 ἀπὸ
635 2779 696 2823 τῆς
717 2777 846 2828 ἀγορᾶς
866 2779 930 2823 τῆς
950 2776 1105 2825 πόλεως,

62 2835 171 2884 μηδὲν
191 2834 253 2885 μὲν
271 2834 415 2887 ἔχουσαι
437 2837 512 2886 μεθ’
528 2837 676 2883 ἑαυτῶν,
697 2837 774 2874 ἀλλ’
789 2835 842 2874 ὅτι
858 2836 922 2888 μία
942 2836 976 2882 ἐξ
991 2838 1106 2876 αὐτῶν

61 2895 172 2932 εἰδυῖα
194 2895 392 2945 βελουργεῗν
409 2897 445 2947 (¹1.
458 2895 690 2947 ὃελουργεῗν),
705 2897 768 2942 τῆς
783 2895 960 2950 ἐφημέρου
978 2900 1108 2949 τροφῆς

62 2953 179 2990 αὐτῶν
200 2953 363 3005 εχορήγει
379 2953 441 2997 τὰς
459 2954 594 3006 χρείας.

115 3014 225 3063 ἓ67.
251 3012 343 3051 Τότε
374 3013 415 3062 δὴ
450 3016 488 3052 οὐ
522 3012 632 3067 μικρὰ
665 3014 806 3067 ταραχπῗ·Ι
834 3015 970 3066 ἐγένετο
998 3032 1033 3054 εν
1062 3033 1105 3069 τῃ

59 3068 254 3122 Ῥωμαίων
268 3071 385 3125 χώρᾳ,
401 3072 462 3111 καὶ
477 3088 645 3125 πανταχη
660 3090 703 3112 πε
696 3074 931 3149 ’μπονταιΗεῖς
943 3074 1104 3124 ζήτησιν,

60 3130 92 3168 εἷ
108 3130 268 3179 δυνατὸν,
288 3132 399 3184 εὗρειν
421 3132 542 3177 αυτάς.
564 3132 764 3171 Φθάνουσιν
785 3136 843 3171 οὖν
861 3136 895 3172 ἐν
916 3133 1038 3188 ἐκείνῳ
1054 3151 1105 3188 τῳ

61 3191 175 3242 καιρῶ
196 3189 340 3241 ἄγγελοι
353 3189 437 3242 πρὸς
451 3191 667 3243 Τηρηδάτην
687 3192 837 3244 βασιλέα
853 3192 1056 3244 Ἀρμενίας,
1069 3195 1105 3231 ἐν

61 3248 148 3300 αὐτῇ
179 3251 223 3302 τῇ
241 3248 515 3301 Οὐαλαρσαπὰτ
546 3249 665 3288 πόλει·
697 3267 757 3289 και
786 3269 831 3295 ως
831 3267 1104 3311 προσηνεγκαν

60 3306 122 3353 τὴν
149 3308 336 3355 ἐπιστολὴν
359 3307 499 3353 ἐδέξατο
530 3308 621 3358 μετὰ
649 3315 775 3361 χαρᾶς.
831 3303 904 3348 *Hit
926 3310 962 3348 δὲ
982 3313 1103 3349 τοῦτον

60 3365 119 3403 τὸν
137 3366 244 3406 τύπον
267 3367 413 3420 ἔχουσα·
434 3369 673 3422 Αὐτοκράτωρ
693 3370 834 3422 Καῖσαρ
855 3369 1104 3417 Διοκλητιανὸς

2163 145 2240 184 139

1200 233 1313 257 cuves
1327 233 1429 270 pour
1449 221 1503 257 les
1521 223 1654 271 vignes
1673 224 1739 271 qui
1759 232 1846 261 sont
1863 227 1999 264 situees
2023 237 2130 267 entre
2158 231 2241 269 1'0-

1197 281 1298 316 rient
1326 287 1364 316 et
1382 281 1414 317 le
1438 280 1568 329 Nord‚
1590 289 1627 318 et
1646 281 1733 318 elles
1775 284 1940 320 vivaient
1968 289 2158 326 ensemble
2177 290 2243 327 des

1199 340 1330 376 choses
1344 339 1499 388 qu'eiles
1514 341 1728 377 achetaient
1742 342 1762 377 a
1775 343 1811 378 la
1824 344 1912 379 ville
1928 358 1937 389 3
1955 346 2041 382 elles
2055 347 2243 386 n’avaient

1197 400 1310 448 point
1331 399 1495 436 d’autres
1513 401 1742 449 provisions.
1766 402 1852 438 Une
1881 402 2009 439 d'elles
2039 408 2243 446 seulement

1197 459 1318 495 savait
1335 461 1526 496 travailler
1543 461 1578 496 18
1592 473 1722 506 verre,
1743 468 1781 496 et
1800 460 2008 510 fabriquait
2024 463 2089 500 des
2103 467 2240 514 perles,

1198 518 1295 555 dont
1315 520 1351 556 18
1369 521 1458 569 prix
1476 521 1613 556 servait
1633 533 1736 569 pour
1753 521 1838 556 leur
1865 523 2085 569 nourriture
2109 529 2237 573 quotim

1198 578 1349 618 dienne.

1667 699 1771 736 XIV.

1254 809 1382 864 [§67.]
1400 813 1456 848 En
1469 825 1511 849 ce
1523 813 1800 863 temps—la‚une
1816 814 1960 863 grande
1976 816 2244 863 perturbation

1196 885 1234 908 se
1269 872 1464 908 manifesta
1491 872 1584 909 dans
1614 874 1650 909 le
1681 886 1773 922 pays
1804 873 1870 910 des
1903 876 2106 920 Romains-‚
2126 883 2162 911 et
2195 889 2245 912 on

1196 932 1387 981 expediait
1417 932 1463 968 dc
1494 939 1581 968 tous
1601 934 1653 969 les
1681 933 1785 969 cotes
1815 933 1882 970 des
1903 933 2095 971 courriers
2115 943 2152 971 et
2179 936 2244 972 des

1194 1005 1378 1041 messages
1391 1019 1401 1037 ‚
1421 991 1498 1028 afin
1517 993 1565 1028 de
1581 994 1750 1041 pouvoir
1764 1000 1967 1030 retrouver
1984 995 2036 1030 les
2052 994 2240 1044 fugitives.

1194 1052 1306 1088 Alors
1328 1065 1380 1087 un
1405 1052 1670 1089 ambassadeur
1687 1052 1746 1089 fut
1765 1055 1911 1102 envoye
1931 1054 1952 1090 a
1972 1054 2163 1100 Tiridate,
2183 1057 2244 1092 roi

1194 1111 1242 1147 de
1261 1112 1299 1147 la
1318 1112 1692 1158 Grande-Armenie‚
1708 1120 1746 1149 et
1763 1114 1846 1149 vint
1866 1121 2024 1150 trouver
2045 1127 2088 1151 ce
2109 1116 2243 1163 prince

1194 1171 1284 1207 dans
1297 1172 1335 1207 ia
1345 1172 1433 1207 ville
1447 1171 1495 1208 de
1509 1173 1837 1221 Vagharschabad.
1849 1174 1986 1221 Quand
2003 1174 2176 1224 l’envoye
2191 1176 2242 1211 lui

1193 1231 1307 1266 remit
1338 1231 1462 1276 redit,
1483 1233 1518 1268 le
1540 1233 1599 1288 ro0i
1618 1233 1654 1269 le
1683 1233 1761 1282 prit
1782 1233 1829 1269 de
1849 1246 1889 1269 sa
1907 1234 2011 1270 main
2031 1246 2122 1271 avec
2147 1234 2241 1282 joie.

1195 1291 1303 1327 Voici
1322 1303 1365 1326 ce
1383 1291 1475 1338 qu'il
1491 1293 1684 1328 contenait
1700 1305 1709 1330 :
1733 1309 1748 1326 n
1767 1293 2018 1343 L'empereur
2029 1294 2242 1331 Diocletien

1235 1411 1254 1453 §
1271 1416 1322 1444 02.
1335 1415 1414 1446 Haec
1429 1422 1506 1455 ergo
1519 1423 1597 1446 cum
1612 1415 1812 1456 perspiceret
1825 1415 2015 1448 beatissima
2028 1416 2152 1450 Gaiana
2165 1426 2242 1450 cum

1191 1481 1304 1513 sancta
1321 1481 1467 1523 Ripsime
1486 1483 1520 1514 et
1538 1482 1674 1524 reliquis
1687 1483 1879 1516 castissimis
1893 1486 2150 1526 sanctorumque
2168 1494 2240 1517 mo-

1190 1556 1264 1579 rum
1277 1548 1470 1581 mulieribus
1481 1575 1488 1588 ‚
1500 1549 1682 1582 recordata}
1695 1551 1774 1582 sunt
1786 1552 1910 1583 sanctae
1921 1551 2173 1584 renuntiationis
2186 1577 2195 1592 ‚
2207 1553 2240 1585 et

1189 1595 1268 1644 vitae
1282 1614 1382 1658 castas
1392 1639 1400 1654 ‚
1412 1615 1446 1645 et
1458 1613 1629 1646 laboriosae
1641 1614 1776 1646 vivendi
1783 1615 1920 1648 rationis
1931 1617 1965 1648 et
1976 1615 2089 1648 victus
2101 1641 2108 1656 ,
2121 1616 2242 1657 quibus

1189 1677 1266 1708 olim
1297 1679 1389 1710 erant
1418 1678 1589 1711 institutae.
1619 1680 1736 1720 Itaque
1758 1679 1948 1713 lamentatae
1974 1689 2087 1713 secum
2106 1682 2240 1722 proptex

1187 1741 1486 1775 manifestationem
1500 1752 1608 1784 suam,
1624 1743 1713 1784 apud
1724 1743 1990 1784 impurissimum
2005 1746 2038 1777 et
2053 1744 2240 1786 improbum

1187 1804 1420 1848 imperatorem
1446 1816 1506 1848 per
1533 1807 1709 1849 imaginem
1733 1808 1880 1850 ipsarum
1906 1808 2027 1841 saetam
2039 1834 2047 1849 ‚
2065 1819 2171 1842 versae
2197 1811 2240 1843 ad

1186 1879 1300 1912 preces
1316 1872 1348 1903 et
1365 1871 1547 1904 laboriosas
1560 1871 1664 1913 magis
1681 1872 1934 1905 exercitationes
1946 1897 1955 1911 ,
1969 1873 2129 1915 rogabant
2142 1873 2243 1906 mise·

1186 1935 1348 1968 ricordem
1362 1937 1487 1977 Deum,
1502 1937 1541 1969 ut
1554 1936 1619 1969 sibi
1632 1946 1728 1979 opem
1743 1938 1860 1977 ferret,
1872 1938 1997 1979 illaque
2011 1947 2046 1971 se
2059 1938 2239 1972 tentatione

1185 2000 1341 2034 liberaret
1347 2026 1408 2035 .....

1226 2069 1244 2110 §
1262 2073 1313 2101 65.
1335 2071 1415 2103 Post
1433 2070 1505 2103 haec
1527 2071 1641 2103 sancta
1659 2070 1782 2103 Gaiana
1795 2079 1872 2102 cum
1888 2070 2033 2113 Ripsime
2049 2072 2083 2104 et
2102 2071 2238 2112 reliquis

1184 2161 1449 2194 cohabitantibus
1475 2163 1507 2195 et
1532 2171 1608 2195 cum
1625 2162 1861 2195 honestissimo
1878 2163 2054 2203 comitatu,
2076 2172 2234 2205 egressae,

1183 2253 1398 2286 discedebant
1418 2254 1580 2296 fugientes
1593 2280 1601 2295 ‚
1622 2257 1660 2288 ut
1682 2255 1717 2287 in
1734 2255 1859 2288 mundo
1877 2255 1941 2288 hoc
1958 2257 2104 2298 peccatis
2122 2257 2235 2291 dedito

1184 2349 1309 2382 animas
1330 2359 1407 2382 suas
1425 2350 1466 2382 ab
1484 2350 1645 2392 improbis
1660 2350 1849 2383 hominibus
1868 2353 2039 2384 servarent
2051 2353 2159 2385 castas
2162 2376 2227 2385 .....

1227 2426 1245 2467 §
1266 2431 1305 2458 (36
1311 2450 1386 2458 ......
1409 2427 1525 2466 Itaque
1550 2427 1630 2458 tunc
1650 2426 1828 2467 profectae,
1849 2428 2071 2468 pervenerunt
2092 2427 2135 2460 ad
2153 2437 2230 2461 con·

1183 2491 1261 2523 finia
1277 2491 1440 2524 Armeniae
1452 2517 1460 2532 ,
1480 2491 1513 2523 in
1531 2491 1734 2532 provinciam
1747 2492 1866 2524 Ararat
1878 2516 1887 2531 ‚
1907 2492 1940 2523 et
1956 2491 1999 2523 ad
2015 2491 2210 2534 Valarsapat
2220 2517 2230 2533 ‚

1182 2556 1304 2589 dictam
1328 2565 1448 2588 novam
1466 2555 1652 2596 civitatem,
1670 2564 1746 2597 quae
1772 2555 1905 2588 condita
1926 2557 1996 2588 erat
2019 2565 2080 2597 pro
2101 2556 2230 2590 habita·

1180 2622 1269 2654 tione
1297 2630 1412 2663 regum
1439 2621 1617 2653 Armeniae.
1639 2620 1703 2652 Ubi
1731 2629 1772 2653 eo
1800 2622 2019 2662 pervenerant
2035 2646 2044 2661 ,
2074 2621 2231 2663 ingressae

1179 2687 1213 2719 in
1232 2686 1410 2720 torcularia
1428 2685 1600 2718 vinearum
1616 2695 1694 2727 quae
1712 2687 1790 2718 sunt
1806 2686 1970 2718 aedificata
1986 2695 2025 2719 ex
2050 2688 2144 2729 parte
2166 2687 2227 2719 bo-

1179 2752 1258 2784 reali
1270 2761 1388 2784 versus
1403 2750 1562 2783 orientem
1575 2777 1582 2791 ‚
1598 2753 1631 2783 et
1645 2750 1876 2783 nutriebantur
1888 2751 1929 2784 de
1944 2751 2086 2793 propriis
2099 2761 2140 2784 ex
2157 2752 2229 2784 soro

1178 2819 1341 2858 civitatis,
1358 2819 1439 2851 nihil
1453 2818 1587 2859 quidem
1605 2827 1719 2850 secum
1737 2818 1913 2857 habentes,
1932 2819 1990 2851 sed
2006 2818 2083 2860 quia
2103 2828 2168 2851 una
2187 2827 2228 2852 ex

1177 2884 1242 2916 illis
1262 2885 1398 2916 noverat
1410 2883 1443 2915 in
1458 2882 1546 2915 vitro
1559 2883 1707 2924 operari,
1726 2882 1768 2915 ad
1781 2882 2012 2924 quotidianum
2024 2883 2152 2917 victum
2171 2893 2226 2916 ne-

1178 2950 1320 2983 cessaria
1336 2949 1415 2991 Ipsis
1432 2949 1675 2991 suppeditabat.

1220 3019 1239 3060 §
1258 3021 1311 3052 67.
1330 3019 1372 3051 At
1389 3027 1455 3050 non
1480 3018 1610 3050 modica
1632 3027 1670 3050 eo
1689 3019 1837 3059 tempore
1859 3017 1944 3050 facta
1962 3019 2013 3050 est
2032 3018 2177 3052 turbatio
2191 3018 2226 3051 in

1177 3077 1308 3119 regione
1336 3079 1579 3117 Romanorum,
1601 3078 1635 3109 et
1663 3086 1934 3118 quoquoversum
1958 3077 2149 3118 mittuntur,
2166 3079 2225 3120 qui

1175 3136 1392 3177 investigent,
1410 3137 1449 3168 ut
1465 3135 1556 3177 illas,
1575 3136 1602 3168 si
1619 3135 1764 3177 possint,
1783 3135 1959 3168 inveniant.
1990 3136 2136 3169 Veniunt
2148 3146 2225 3180 ergo

1176 3196 1231 3228 illo
1241 3197 1390 3237 tempore
1402 3195 1506 3228 nuntii
1521 3195 1563 3228 ad
1575 3195 1757 3228 Teredaten
1766 3205 1878 3238 regem
1889 3196 2053 3229 Armeniae
2067 3196 2100 3228 in
2117 3195 2224 3238 ipsam

1177 3256 1342 3288 civitatem
1376 3255 1570 3297 valarsapat
1599 3268 1606 3287 :
1635 3257 1669 3288 et
1689 3255 1863 3298 epistolam
1890 3265 1992 3298 quam
2019 3256 2220 3297 attulerunt,

1176 3315 1303 3357 accepit
1324 3324 1398 3347 eum
1416 3315 1547 3357 gaudio.
1570 3316 1648 3348 Erat
1670 3316 1782 3348 autem
1802 3314 1922 3356 scripta
1937 3315 2004 3348 hoc
2018 3314 2118 3348 modo
2135 3317 2220 3347 :lm-

1176 3376 1307 3416 perator
1317 3376 1429 3408 Caesar
1440 3374 1661 3408 Diocletianus
1671 3374 1792 3408 dilecto
1804 3374 1896 3408 fratri
1906 3379 1940 3408 et
1949 3374 2060 3408 throni
2073 3373 2221 3416 ejusdem
2271 3422 2273 3424 ,
