2294 3620
113 182 190 221 438

166 269 204 319 [§
216 267 294 319 60.]
304 270 376 305 Les
384 269 550 317 peintres
559 266 753 303 entrerent
765 265 813 302 de
824 265 928 301 force
940 264 1031 300 dans
1045 263 1137 299 l'ha-

110 329 270 365 bitation
278 328 325 364 de
334 340 393 364 ces
407 323 543 363 saintes
558 326 730 371 femmes·‚
743 332 792 368 et,
800 330 942 372 voyant
956 324 992 359 la
1001 322 1136 358 beaute

110 387 278 423 modeste
309 386 357 422 de
390 378 596 434 Hripsime,
617 385 662 420 ils
681 397 728 420 en
756 383 882 419 siu-ent
910 382 1075 430 frappds,
1094 381 1137 415 ils

109 447 143 482 la
164 445 377 495 peignirent
403 456 492 480 avec
523 443 714 479 differents
733 449 857 478 autres
881 441 1079 489 porti-aits,
1101 445 1138 474 et

111 506 164 541 les
182 503 416 552 envoyerent
435 515 482 538 au
501 503 572 539 roi.
594 503 764 549 Lorsque
785 501 897 536 leroi
914 500 968 534 vit
993 499 1029 534 13
1053 509 1137 533 rare

112 564 246 600 beaute.
266 562 314 598 de
338 561 528 609 >Hripsime
542 588 552 605 ‚
573 560 738 596 retracee
762 571 824 594 sur
852 559 886 594 16
918 557 1065 593 tableau
1079 583 1089 601 ‚
1110 556 1137 590 il

112 622 170 658 sut
185 622 261 670 pris
279 621 368 657 d'un
387 619 700 664 31110111111561156,
719 625 756 654 et
777 617 910 653 voulut
936 615 1030 651 fixer
1056 626 1138 650 sans

112 680 239 717 retard
258 681 293 716 le
317 679 409 726 jour
428 679 475 714 de
504 690 560 714 ses
580 689 712 722 noces,
734 675 925 711 attendant
950 686 1038 710 avec
1065 674 1136 708 im-

112 740 282 787 patience
297 739 332 774 le
347 744 514 773 moment
534 736 581 772 de
597 737 633 771 13
654 735 740 771 sete.
755 734 907 769 Ensuite
927 745 977 768 on
993 744 1137 779 envoya

113 810 160 834 en
183 804 285 833 toute
301 797 387 832 11316
407 796 470 832 (165
497 793 774 830 ambassadeurs
793 799 830 828 et
849 791 913 827 des
936 803 1136 839 messagers

113 855 204 892 dans
234 862 319 891 tout
342 854 530 902 l’empire,
554 852 626 888 asin
656 863 729 899 que
760 858 844 886 tous
876 857 1137 898 apportassent

113 913 178 950 des
189 915 356 963 presents
368 919 403 949 et
417 913 481 948 des
498 911 660 947 cadeaux
673 922 772 958 pour
782 910 834 944 les
846 921 959 944 noces
971 909 1133 956 royales,

113 980 150 1008 et
169 985 242 1020 que
261 973 341 1008 leur
354 972 431 1018 joie
456 969 579 1006 rendit
598 970 680 1017 plus
709 968 927 1004 solennelles
949 968 1001 1003 les
1029 968 1133 1003 cere-

112 1032 255 1066 monies
269 1059 279 1079 ,
296 1031 441 1066 suivant
459 1029 594 1076 Pusage
616 1027 680 1063 des
696 1028 859 1075 princes.

166 1088 298 1135 Quand
318 1089 368 1124 les
385 1086 530 1135 pieuses
551 1086 702 1121 femmes
717 1085 837 1120 virent
859 1085 912 1120 les
931 1083 1068 1120 sseches
1088 1083 1136 1120 de

111 1146 292 1182 I'Ennemi
313 1145 358 1194 (le
379 1145 527 1191 demon)
544 1145 688 1179 lance'es
702 1172 711 1185 ,
738 1144 843 1178 selon
865 1143 905 1177 la
934 1149 1131 1186 coutume,

113 1213 242 1242 contre
257 1205 307 1240 les
326 1204 438 1239 saints
455 1203 670 1239 adorateurs
689 1202 741 1238 du
760 1202 903 1247 Christ,
919 1203 1006 1237 elles
1026 1214 1136 1237 com-

151 1321 195 1363 (1)
213 1323 290 1353 Luc.
312 1322 378 1360 XX,
401 1324 448 1353 18.

1114 1406 2237 1426 -Ἣ
2261 1415 2262 1418 ,

159 1459 181 1508 ᾗ
198 1459 261 1495 60.
276 1455 366 1496 Ὅτε
383 1450 440 1494 οῧν
454 1455 683 1508 παρεγένοντο
697 1457 727 1494 οἱ
741 1455 964 1508 πεμφθέντες,
977 1457 1132 1501 εἰσῆλθον

109 1516 166 1568 βίᾳ
194 1518 241 1559 εἷς
262 1515 323 1563 τὴν
345 1515 499 1567 μάνδραν
518 1517 586 1553 τῶν
608 1515 729 1566 ἁγίων·
758 1515 816 1553 καὶ
837 1514 1045 1565 θεασάμενοι
1071 1514 1134 1561 τὴν

107 1574 322 1625 σεμνοτάτην
341 1574 400 1612 καὶ
431 1573 627 1626 ἆγιωτάτην
648 1573 846 1626 Ῥιψιμίαν,
869 1573 1043 1617 ἐξίσταντο
1070 1573 1127 1612 ἐπὶ

105 1633 146 1673 τὸ
163 1633 289 1676 κάλλος
308 1634 427 1679 αὐτῆς.
483 1632 623 1676 Εὐθέως
642 1632 678 1672 δὲ
698 1635 732 1671 ἐν
751 1639 827 1676 ταῖς
845 1631 979 1670 σανίσιν
1007 1635 1130 1683 ὁμοιο-

106 1691 363 1745 γραφήσαντες,
381 1691 466 1742 πρὸς
485 1690 542 1729 τὸν
563 1690 727 1743 Καίσαρα
748 1691 912 1744 ἔδραμον.
968 1689 1058 1730 ’Ὀτε
1074 1686 1132 1730 οῦν

108 1750 275 1788 ἐθεάσατο
301 1753 319 1788 ὁ
351 1749 512 1802 βασιλεὺς
537 1749 577 1788 τὸ
609 1749 853 1801 λαμπρότατον
881 1750 1007 1795 κάλλος
1028 1752 1061 1788 ἐν
1090 1753 1133 1801 τῇ

108 1808 285 1860 ζωγραφίᾳ
307 1811 367 1853 τῆς
382 1807 573 1860 εΡιψίγιιης,
590 1809 751 1868 ἕμφανὲἆς
772 1810 804 1846 ἓν
825 1811 866 1860 τῇ
887 1808 1053 1861 ἐπιθυμίᾳ
1073 1812 1135 1846 τοῦ

110 1866 234 1919 ἔρωτος
253 1865 308 1903 διὰ
328 1866 366 1903 τὸ
388 1866 545 1915 ἀθέμιτον
568 1867 667 1904 αὐτοῦ
695 1870 774 1914 ἠθος
795 1869 979 1905 ἐσκοτοῦτο
999 1869 1134 1918 ἐπειγό-

111 1940 229 1975 μενος·
250 1923 462 1976 προθεσμίαν
496 1923 531 1961 δὲ
561 1924 696 1976 ὁρίσας,
724 1925 886 1963 ἔσπευδεν
907 1925 965 1963 καὶ
987 1928 1135 1978 ὠχλεῖτο

109 1982 172 2030 τὴν
193 1982 388 2034 γυναικείαν
409 1981 618 2034 εὐφροσύνην
638 1984 849 2024 ἐπιτελέσαι.
881 1984 970 2024 Τότε
992 1985 1048 2022 διὰ
1069 1985 1133 2024 τά-

109 2042 189 2093 χους
213 2041 377 2092 ἀγγέλους
403 2040 556 2092 ἔπεμπεν
582 2041 678 2093 πάσῃ
704 2046 746 2095 τῇ
767 2043 840 2097 ἰδίᾳ
869 2043 1025 2097 ἐξουσία,
1042 2043 1135 2089 ὅπως

108 2099 231 2143 πάντες
250 2099 436 2153 δωροφόροι
455 2099 623 2151 γένωνται
640 2104 689 2153 τῷ
714 2103 856 2156 μεγάλῳ
876 2103 1001 2155 γάμῳ,
1020 2103 1081 2141 καὶ
1100 2105 1134 2140 ἐν

107 2158 253 2210 πλείστῃ
270 2166 365 2211 χαρᾷ
383 2157 585 2211 ἐρχομένους
604 2161 689 2209 ὁμοῦ
709 2160 862 2212 πάντας,
882 2163 1050 2200 ἐπιτελεῖν
1071 2161 1134 2209 τὴν

108 2221 166 2256 τοῦ
189 2217 357 2269 βασιλέως
382 2218 549 2268 διαταγὴν
571 2218 661 2256 κατὰ
686 2219 763 2264 τοὺς
791 2219 916 2270 νόμους
942 2223 1009 2259 τῶν
1033 2224 1135 2273 βασι-

105 2277 211 2314 λικῶν
232 2276 370 2327 γάμων.
427 2277 655 2327 Θεασάμεναι
675 2273 731 2316 οὖν
750 2280 784 2316 αἱ
804 2280 974 2331 πανάγιαι
990 2279 1034 2317 τὰ
1054 2297 1135 2332 κρυ-

107 2340 313 2387 φοπομπαῖα
336 2336 419 2386 βέλη
450 2337 510 2373 τοῦ
531 2337 674 2389 ἐχθροῦ,
692 2338 725 2375 ἐν
756 2331 803 2381 οἷς
826 2337 958 2388 πέμπει
978 2338 1135 2384 τοξεῦσαι

106 2393 182 2436 τοὺς
200 2397 260 2431 τοῦ
281 2396 433 2446 Χριστοῦ
453 2393 569 2445 ἁγίους
582 2424 593 2444 ,
615 2395 801 2436 ἐθλίὸοντο.

159 2454 180 2502 §
205 2454 267 2491 61.
287 2454 415 2496 Σκεῦος
436 2452 503 2506 γὰρ
522 2455 625 2506 ὀργῆς
657 2455 765 2506 εὑρὼν
793 2455 852 2494 τὸν
881 2456 1049 2507 βασιλέα,
1072 2473 1134 2494 κα-

103 2510 215 2562 θάπερ
236 2512 268 2548 ἓν
289 2510 489 2565 παραδείσῳ
512 2511 568 2550 τὸν
588 2512 683 2567 ὄφιν,
706 2514 879 2566 ὑπηρέτην
900 2515 1135 2565 ποιησάμενος

108 2567 164 2606 τὸν
194 2569 293 2607 αὐτὸν
314 2569 456 2622 τρόπον,
478 2571 537 2610 καὶ
566 2571 681 2610 ἐνθάδε
703 2573 760 2611 τὸν
781 2573 985 2626 παράνομον
1014 2578 1134 2612 τοῦτον

110 2628 154 2669 ὡς
168 2627 280 2678 θηρίον
295 2627 394 2679 ἔχων,
402 2629 492 2667 κατὰ
506 2630 690 2683 πρόσωπον
703 2631 763 2675 τὰς
774 2636 832 2670 τοῦ
845 2634 937 2671 Θεοῦ
950 2632 1136 2679 ἐκκλησίας

111 2686 154 2722 δι’
175 2686 277 2725 αὐτοῦ
301 2687 476 2738 ἐπολέμει.
508 2688 719 2736 Ἀναστήσας
739 2690 805 2743 γὰρ
826 2692 928 2729 αὐτὸν
946 2692 980 2728 ἐν
1003 2694 1135 2744 ὑπερη-

113 2743 216 2795 φανίᾳ
244 2745 301 2782 καὶ
330 2746 583 2800 διεστραμμένη
611 2749 757 2802 καρδίᾳ,
775 2749 836 2787 καὶ
852 2750 984 2801 παγίδα
1006 2750 1135 2797 στήσας

111 2804 129 2839 ὁ
162 2802 346 2853 μισόκαλος
389 2804 607 2859 παρώτρυνεν
651 2808 752 2846 αὐτὸν
789 2811 845 2852 ,εἷς
881 2810 920 2848 τὸ
967 2809 1137 2861 ἐξεγεῖραι

116 2861 263 2911 διωγμὸν
274 2862 362 2900 κατὰ
379 2866 446 2901 τῶν
460 2868 518 2902 τοῦ
536 2868 630 2905 Θεοῦ
647 2867 856 2914 ἐκκλησιῶν.
903 2868 1138 2921 Διαστραφεὶς

114 2917 179 2970 γὰρ
194 2919 248 2957 τὸν
266 2924 343 2958 νοῦν
362 2922 421 2959 καὶ
438 2922 639 2972 ἐξεστηκὼς,
651 2929 838 2978 προσκυνεῖ
848 2927 908 2970 τὰς
923 2930 992 2965 τῶν
1008 2930 1137 2979 νεκρῶν

116 2978 261 3027 στήλας,
276 2979 335 3017 καὶ
351 2987 464 3031 χρυσᾶ
482 2982 540 3020 καὶ
552 2984 704 3036 ἀργυρᾶ,
721 2985 780 3022 καὶ
794 2984 930 3035 ξύλινα,
945 2986 1005 3024 καὶ
1018 2988 1137 3038 χαλκᾶ·

116 3034 306 3085 ἰνδάλματα
335 3040 384 3090 τῷ
412 3039 624 3091 σεῧάσματι·
645 3043 703 3080 καὶ
732 3043 806 3093 ἅμα
826 3044 1135 3095 ἀλαζονευόμενος,

117 3098 350 3144 προσκροῦσαι
369 3100 411 3148 τῇ
431 3105 554 3152 στερεᾷ
574 3099 686 3153 πέτρᾳ
706 3104 766 3148 τῆς
783 3105 851 3140 τῶν
874 3105 1067 3151 ἐκκλησιῶν
1082 3103 1138 3141 πί·

119 3164 223 3192 στεως
247 3153 452 3203 ἐνεθυμεῖτο·
471 3159 507 3195 οὐ
537 3158 637 3208 μόνον
668 3159 716 3208 μὴ
737 3162 885 3213 ἰσχύσας
912 3161 975 3209 τὴν
1007 3162 1138 3215 πέτραν

121 3207 293 3257 μαλάξαι,
324 3213 412 3249 ἀλλὰ
449 3214 508 3252 καὶ
546 3218 734 3269 συντριὸεὶς
773 3220 949 3268 κατεπόθη
988 3221 1139 3272 ἐχόμενα

121 3263 250 3317 πέτρας
279 3269 296 3303 ὃ
326 3269 436 3314 ἄδικος
459 3273 591 3324 κριτής.
648 3274 801 3326 (Ομοίως
821 3277 862 3330 (l.
879 3277 1022 3330 ‘'Op.o›<)
1041 3279 1076 3317 δὲ
1095 3283 1139 3332 τῇ

121 3323 285 3373 μανιώδει
307 3327 483 3381 ἀλαζονείᾳ
504 3333 559 3369 ἐπὶ
578 3335 694 3372 πλεῖον
715 3336 896 3388 ἐπαρθεὶς,
913 3337 1027 3376 πολλὰ
1047 3338 1140 3375 δεινὰ

115 3381 255 3430 ἐποίησε
273 3386 318 3435 τῇ
339 3385 420 3437 ἁγίᾳ
438 3391 495 3424 τοῦ
515 3391 606 3429 Θεοῦ
627 3393 810 3446 ἐκκλησίᾳ.

1013 173 1342 215 AGATHANGE.

1214 261 1358 310 prirent
1387 271 1459 306 que
1481 255 1518 310 [ἓ
1540 256 1624 311 61.]
1645 257 1831 296 l’Ennemi
1859 262 1959 298 avait
1985 262 2105 300 choisi
2129 264 2166 302 le
2192 277 2229 302 r

1209 330 1355 356 comme
1374 317 1625 354 l’instrument
1645 318 1691 355 de
1713 331 1751 355 sa
1778 318 1936 367 11131166,
1958 334 2106 360 comme
2137 323 2242 372 11613

1211 379 1302 414 (13115
1322 378 1356 413 16
1375 377 1532 413 Paradis
1546 403 1557 422 ,
1576 378 1603 412 il
1618 390 1657 414 se
1685 379 1802 414 servit
1825 378 1877 415 du
1898 389 2052 430 serpent
2066 388 2172 432 pour·
2186 384 2228 420 111

1210 438 1337 473 51111161·
1354 435 1489 471 l'oubli
1511 435 1563 472 du
1582 438 1764 486 pre'cepte
1788 437 1880 474 dans
1905 439 2064 477 l'oreille
2081 442 2181 479 inse
2196 459 2203 475 :

1212 612 1367 648 fondees
1385 625 1455 661 par
1473 614 1587 650 Dieu.
1607 615 1735 661 Quant
1761 627 1810 651 au
1828 616 1913 662 roi,
1932 619 2157 667 enorgueilli
2182 629 2246 669 pa

1211 673 1263 707 les
1281 672 1531 708 insinuations
1550 673 1767 710 insidieuses
1787 674 1834 711 de
1859 675 2064 722 l’Ennemi‚
2085 678 2115 714 il
2132 689 2250 716 susc

1211 732 1280 766 tait
1300 730 1366 766 des
1385 732 1645 779 persecutions
1664 745 1738 769 aux
1759 735 1889 783 eglises
1908 735 1956 771 de
1971 736 2088 782 Dieu3

1211 797 1248 825 et
1269 789 1418 837 stupide
1431 817 1441 836 ,
1460 791 1487 825 il
1508 791 1659 828 adorait
1678 793 1731 828 les
1750 792 1937 830 fantomes
1959 794 2025 831 des
2042 803 2183 843 morts,
2198 797 2227 833 1
2250 819 2254 847 {
2281 817 2285 832 ι

1212 855 1349 884 statues
1367 857 1528 886 muettes
1560 850 1722 888 d'idoles
1743 852 1842 899 d'or,
1865 852 2057 903 d’argent,
2079 854 2128 892 de
2145 855 2231 893 bois
2251 891 2252 894 ,

1212 907 1258 943 (16
1294 908 1438 955 pierre,
1458 909 1506 945 de
1538 910 1693 959 euivre,
1715 918 1753 947 et
1783 912 1867 948 leur
1891 913 2041 950 rendait
2066 926 2120 950 un
2153 915 2215 952 cul
2240 918 2253 945 2¹

1210 967 1352 1019 impur.>
1373 968 1406 1003 11
1438 967 1516 1004 s'en
1537 968 1737 1018 glorifiait‚
1770 978 1808 1007 et
1836 968 1863 1006 Ι11
1896 973 2042 1009 voulait
2077 973 2235 1010 ebranl

1210 1026 1244 1061 la
1273 1027 1398 1074 pierre
1429 1039 1493 1062 sur
1525 1028 1689 1076 laquelle
1719 1042 1856 1079 repose
1875 1022 2048 1081 I'Eglise3
2067 1033 2184 1081 mais,
2202 1045 2253 1070 ιιι·

1208 1093 1380 1133 pouvant
1398 1099 1423 1134 y
1439 1089 1632 1135 parvenir,
1651 1089 1679 1124 il
1697 1089 1754 1124 fut
1774 1090 1900 1126 ecrase
1917 1088 1986 1142 (1).
2004 1085 2259 1142 Cepend-ant,
2286 1107 2287 1110 ¹

1213 1144 1306 1180 dans
1332 1158 1402 1181 5011
1422 1147 1592 1195 orgueil,
1609 1148 1637 1183 il
1666 1149 1810 1185 causait
1834 1149 2035 1199 beaucoup
2064 1150 2112 1188 de
2140 1150 2221 1188 (101
2256 1175 2261 1181 ,

1212 1216 1340 1253 mages
1359 1217 1433 1241 aux
1454 1206 1584 1254 eglises
1600 1207 1647 1244 de
1665 1207 1776 1245 Dieu.

1250 1458 1269 1499 §
1286 1463 1337 1491 60.
1359 1462 1543 1502 Postquam
1560 1471 1637 1504 ergo
1658 1463 1752 1496 missi
1779 1464 1999 1506 advenerant,
2019 1465 2054 1499 vi
2079 1466 2115 1499 in
2134 1476 2250 1500 mona-

1212 1522 1349 1554 sterium
1365 1517 1553 1557 sanctarum
1569 1525 1707 1568 ingressi
1719 1529 1797 1559 sunt
1815 1540 1823 1560 ε
1838 1530 2078 1572 conspectaque
2089 1529 2265 1578 1101165113νγ
2293 1529 2294 1532 ’

1209 1585 1291 1617 511113
1305 1587 1338 1618 et
1360 1587 1567 1620 sanctissima
1586 1588 1754 1630 Ripsimia‚
1767 1589 1919 1624 admirati
1932 1593 2009 1625 sunt
2028 1592 2264 1634 pulchritudim

1205 1657 1280 1680 nem
1290 1650 1372 1690 eJ‘us.
1383 1649 1446 1681 Ubi
1458 1659 1535 1691 ergo
1548 1651 1706 1685 velociter
1719 1662 1792 1685 eam
1803 1652 1847 1686 ad
1857 1653 1972 1687 vivum
1980 1654 2014 1687 in
2023 1654 2146 1688 tabulis
2154 1655 2251 1698 pictis

1209 1715 1453 1753 expresserunt,
1468 1714 1610 1755 profecti
1626 1717 1703 1748 sunt
1715 1716 1757 1749 ad
1765 1716 2008 1758 imperatorem.
2021 1719 2065 1751 At
2073 1718 2251 1761 imperator

1205 1776 1238 1808 in
1257 1777 1385 1817 pictura
1400 1778 1554 1819 Ripsimae
1566 1779 1863 1821 splendidissimam
1872 1781 2012 1814 intuitus
2027 1782 2259 1824 pulchritudi-,

1205 1850 1280 1874 nem
1293 1867 1301 1882 ,
1319 1852 1378 1884 per
1395 1843 1552 1876 nefariam
1570 1845 1842 1879 consuetudinem
1859 1855 1971 1887 suam,
1996 1846 2092 1888 quasi
2111 1847 2251 1890 caligine

1206 1904 1370 1938 obductus
1382 1931 1390 1945 ‚
1407 1906 1516 1947 palam
1528 1907 1561 1939 in
1572 1907 1870 1949 concupiscentiam
1883 1909 2005 1942 amoris
2017 1909 2089 1951 ejus
2101 1909 2225 1943 exarsit
2239 1925 2248 1944 :

1205 1968 1403 2009 tempusque
1422 1968 1597 2001 definitum
1616 1970 1836 2011 constituens,
1854 1971 2030 2004 festinabat
2040 1963 2156 2005 ‘mente
2173 1974 2249 2005 tur-

1206 2030 1301 2063 batus
1311 2057 1319 2071 ,
1331 2033 1369 2063 ut
1381 2033 1558 2066 muliebres
1571 2033 1704 2067 delicias
1717 2035 1861 2076 perfecte
1874 2034 2142 2077 consequeretur.
2160 2038 2255 2071 Tunc
2278 2063 2279 2066 ι

1208 2094 1398 2129 festinanter
1417 2098 1551 2131 nuntios
1577 2098 1668 2131 misit
1688 2108 1747 2141 per
1763 2101 1870 2132 totam
1895 2100 2053 2134 ditionem
2078 2109 2194 2142 suam,
2208 2103 2264 2136 nt.

1206 2166 1320 2191 omnes
1340 2159 1426 2192 dona
1447 2161 1554 2193 serant
1573 2161 1699 2204 magnis
1716 2162 1856 2204 nuptiis,
1875 2163 2085 2205 maximaque
2099 2164 2248 2197 611111116-
2264 2174 2266 2214 J

1205 2220 1277 2253 titia
1300 2231 1413 2255 omnes
1435 2223 1532 2256 simul
1554 2226 1728 2257 accurrant
1743 2224 1785 2257 ad
1804 2224 2040 2266 perficiendum
2058 2216 2250 2258 mandatum

1206 2283 1451 2326 imperatorium
1471 2287 1653 2319 secundum
1669 2287 1759 2329 leges
1776 2287 1940 2328 regiarum
1967 2287 2170 2329 nuptiarum.
2190 2288 2250 2320 Vi-

1206 2346 1321 2380 dentes
1340 2348 1440 2390 igitur
1456 2351 1578 2381 sanctae
1595 2349 1696 2382 missa
1712 2349 1745 2382 in
1761 2350 1890 2382 occulto
1902 2349 2026 2382 inimici
2033 2350 2159 2392 jacula,
2174 2356 2268 2403 quae'.

1204 2410 1283 2451 jacit
1296 2411 1337 2442 ad
1353 2412 1572 2445 vulnerandos
1585 2412 1706 2445 Christi
1723 2415 1872 2452 sanctos,
1891 2412 2131 2454 affligebantur.

1249 2470 1268 2511 ς
1287 2474 1339 2503 61.
1361 2473 1443 2503 Nam
1461 2481 1537 2504 cum
1556 2481 1614 2505 vas
1629 2472 1688 2504 irae
1703 2472 1883 2505 invenisset
1899 2472 2149 2514 imperatorem,
2165 2471 2253 2504 sicut

1208 2533 1242 2565 in
1271 2534 1421 2575 paradiso
1449 2537 1654 2578 serpentem,
1673 2545 1835 2578 suumque
1863 2536 1979 2569 eodem
1997 2536 2096 2568 modo
2118 2535 2252 2570 fecisset

1208 2602 1411 2653 ministrum,
1428 2607 1461 2637 et
1487 2605 1541 2637 hic
1567 2605 1753 2647 improbum
1778 2605 1872 2638 illum
1886 2606 1925 2638 ut
1945 2605 2091 2638 belluam
2107 2603 2249 2645 hahens,

1209 2670 1316 2711 palam
1328 2670 1451 2703 Christi
1463 2673 1617 2705 ecclesias
1630 2682 1687 2715 per
1698 2672 1806 2715 ipsum
1816 2666 2036 2714 oppugnabat.
2052 2670 2180 2713 Quippe
2193 2669 2252 2705 uhi

1210 2738 1316 2779 ipsum
1342 2739 1514 2774 imbuisset
1540 2741 1694 2783 superbia
1720 2744 1754 2774 et
1779 2740 1877 2773 corde
1904 2748 2078 2782 perverso,
2096 2747 2172 2772 osor
2194 2738 2265 2772 1116

1210 2805 1340 2838 honesti
1351 2832 1358 2846 ‚
1371 2807 1491 2849 injecto
1499 2809 1629 2849 laqueo,
1642 2808 1785 2841 eundem
1794 2807 1926 2850 impulit
1937 2806 1980 2840 ad
1989 2805 2253 2849 persecutionem

1211 2874 1324 2905 contra
1337 2874 1398 2906 Dei
1414 2875 1567 2908 ecclesias
1578 2866 1785 2908 movendam.
1796 2876 1883 2907 Cum
1895 2874 1982 2907 enim
1997 2873 2041 2906 sit
2054 2873 2166 2906 mente
2180 2881 2255 2915 per·

1210 2949 1306 2972 versa
1334 2942 1368 2973 et
1396 2941 1642 2984 obstupefacta,
1663 2943 1871 2974 mortuorum
1899 2941 2043 2980 statuas,
2065 2946 2248 2981 aureaque.

1211 3007 1381 3047 argentea,
1399 3006 1504 3048 lignea
1523 3009 1557 3040 et
1585 3017 1670 3040 aerea
1690 3008 1864 3040 simulacra
1881 3006 2033 3048 religioso
2058 3006 2152 3039 cultu
2170 3004 2252 3038 ado-

1211 3073 1286 3104 rat:
1305 3072 1469 3114 simulque
1497 3075 1671 3116 superbius
1695 3075 1728 3107 in
1759 3074 1898 3107 solidam
1923 3073 2136 3106 ecclesiarum
2161 3080 2274 3123 verm&

1211 3136 1289 3170 fidei
1301 3139 1427 3179 petram
1442 3138 1621 3182 impingere
1633 3142 1666 3173 in
1677 3141 1824 3174 animum
1835 3140 1964 3172 induxit
1977 3153 1984 3171 ε
1996 3138 2131 3180 quinon
2143 3139 2250 3171 solum

1211 3213 1276 3237 non
1303 3207 1412 3247 potuit
1438 3210 1565 3249 petram
1594 3208 1757 3247 emollire,
1774 3206 1833 3240 sed
1850 3205 2012 3238 contritus
2033 3205 2132 3239 etiam
2148 3214 2253 3247 prope

1211 3271 1338 3311 petram
1351 3271 1544 3305 submersus
1556 3274 1607 3306 est
1624 3273 1766 3314 injustus
1781 3271 1891 3314 judex.
1909 3269 2128 3302 Nihilominus
2138 3271 2250 3304 tamen

1212 3335 1324 3369 insana
1335 3346 1394 3370 sua
1405 3339 1562 3380 jactantia
1573 3340 1711 3372 maxime
1733 3340 1855 3378 elatus,
1871 3337 1976 3370 multa
1991 3338 2112 3370 sanctae
2124 3336 2186 3370 Dei
2199 3345 2250 3370 eo·
2279 3369 2281 3372 ⁴

1213 3401 1319 3435 clesiae
1338 3403 1448 3436 intulit
1462 3404 1561 3436 mala.
2159 3393 2163 3399 ,
