2294 3620
14 300 16 304 v
74 293 172 320 erre.
204 280 341 328 Quand
359 280 394 316 16
414 280 475 317 roi
495 278 559 315 des
580 280 708 315 Perses
735 280 791 315 vit
818 286 916 315 cette
945 290 1064 315 masse

17 281 172 386 ἲηᾱω
175 352 240 395 sur
252 340 306 375 lui
322 350 412 375 avec
429 345 512 374 tant
527 337 832 387 d’impetuosite,
849 339 876 373 ii
893 351 910 374 s
912 337 1066 375 ’avanca

14 390 119 445 {jussi
149 390 289 434 contre
301 398 372 434 elle
392 409 440 433 en
460 396 667 445 deployant
694 403 818 433 toutes
846 409 902 433 ses
925 393 1064 435 forces.

16 446 135 521 “fiais',
151 468 300 493 comme
318 457 345 492 il
361 468 409 492 ne
424 463 496 505 put
510 456 593 493 leur
614 455 825 505 opposerd'
830 456 1020 501 obstacle,
1040 455 1069 493 il

13 517 64 562 Q:
75 517 146 575 mit
161 529 183 552 a
199 515 289 555 fuir.
303 517 375 552 Les
389 522 515 551 annes
527 515 562 551 le
579 516 866 564 poursuivirent
879 522 917 551 et
930 516 1068 551 mirent

23 586 72 615 eu
97 575 258 612 deroute
277 582 384 611 toute
403 573 558 610 l'armee
584 574 648 611 des
668 575 818 618 Perses,
835 575 902 623 qui
920 575 1070 611 couvrit

20 632 60 673 la
77 639 283 683 campagne
303 641 341 670 et
359 634 412 670 les
431 634 598 670 chemins
618 633 665 669 de
687 634 868 670 cadavres
891 635 1000 682 epars
1020 633 1068 670 de

15 689 108 735 :bus
125 694 251 739 cotes3
265 693 352 742 puis
368 693 412 729 ils
431 692 685 742 disperserent
706 700 791 728 tous
817 705 912 729 ceux
935 705 1010 740 que
1031 693 1066 729 le

19 745 89 815 {br
116 753 294 802 epargna.
320 753 375 788 Le
403 752 467 787 roi>
492 751 557 787 des
586 753 832 800 Armeniens,
867 751 977 800 apres
1010 758 1069 788 cet

70 810 171 861 ploit
192 812 615 856 mcurtrier‚1etourna
630 810 774 859 joyeux
794 823 843 847 en
864 811 1044 847 Armenie
1057 838 1067 857 ,

98 883 114 907 s
133 871 169 907 la
190 871 280 907 ville
300 870 348 906 de
373 870 735 919 Vagharschabad(1
721 868 770 919 1),
789 871 907 906 situee
926 870 1017 906 dans
1033 871 1071 906 la

14 930 244 1039 {revince
240 929 437 975 d'Ararat‚
463 936 581 977 ayant
611 930 806 977 remporte
841 930 876 965 la
909 930 1070 965 victoire

46 995 61 1026 t
84 1001 247 1025 ramasse
269 1001 322 1024 un
339 989 451 1024 butin
472 988 735 1025 considerable
753 987 788 1036 (2
768 987 820 1036 2)
840 989 874 1024 Il
894 988 1071 1024 ordonna

10 1027 142 1098 ἶῆαόη
160 1047 339 1097 expediat
359 1047 426 1084 des
441 1060 643 1097 messagers
663 1055 701 1084 et
717 1047 835 1095 qu'on
851 1048 986 1083 ecrivit
1002 1047 1069 1083 des

10 1104 151 1144 'lettres
162 1119 210 1143 en
221 1106 418 1144 diffe'rents
427 1107 545 1156 lieux,
557 1119 657 1155 pour
668 1106 837 1142 adresser
849 1105 914 1142 des
925 1107 1070 1143 actions

18 1165 71 1223 116
90 1169 219 1216 graces
233 1179 308 1203 aux
330 1166 508 1203 divinites
526 1166 618 1202 dans
638 1166 693 1204 les
706 1166 882 1214 Temples
898 1165 963 1201 des
980 1166 1070 1214 Sept

11 1271 27 1316 ἦ
65 1273 111 1314 (1)
131 1271 425 1314 vagharschahad‚
447 1270 660 1304 c'est-a-dire
678 1283 694 1298 α
715 1270 792 1303 ville
815 1270 994 1303 construite
1010 1279 1071 1312 par

21 1319 216 1362 vagharsch
230 1333 245 1348 »
264 1328 310 1351 ou
327 1319 498 1361 Vologese.
514 1320 578 1350 Sur
588 1319 621 1350 13
635 1317 805 1350 fondation
818 1317 860 1351 de
878 1319 965 1350 cette
979 1317 1067 1357 ville,

23 1366 69 1400 cf.
83 1368 186 1399 Moise
199 1365 241 1399 de
256 1365 410 1398 Khorene
424 1365 494 1408 (liv.
506 1367 548 1405 ΙΙ,
563 1365 616 1397 ch.
631 1366 684 1405 65)
703 1365 761 1406 qui
771 1364 879 1397 donne
890 1365 939 1397 les
953 1364 1070 1397 details

23 1413 74 1448 les
89 1413 164 1455 plus
181 1412 434 1445 circonstancies
453 1412 613 1444 touchant
627 1396 836 1444 l'edification
849 1412 890 1444 de
906 1413 994 1444 cette
1007 1411 1071 1444 cite

23 1460 168 1495 &meuse
186 1459 267 1493 dont
286 1459 434 1500 l'origine
452 1461 503 1492 est
521 1458 680 1492 entouree
702 1458 800 1491 d'une
815 1459 962 1500 legende.

16 1544 21 1551 ³
21 1507 112 1551 (2)
133 1507 183 1541 Cf.
201 1516 258 1540 sur
273 1508 360 1540 cette
378 1515 556 1549 campagne
574 1506 605 1539 le
627 1506 710 1538 recit
735 1506 775 1538 de
794 1508 898 1539 Moise
918 1505 960 1538 (16
980 1506 1070 1538 Kho-

18 1646 88 1710 ’,τοῦ
110 1656 199 1696 ἰδίου
228 1655 488 1710 στρατοπέδου,
516 1655 576 1695 καὶ
607 1654 686 1700 τοὺς
719 1656 960 1708 προσηλύτους
991 1655 1071 1694 λίαν

20 1712 370 1770 ’ἕμπειροπολέμους,
387 1715 503 1763 ἐπέὸη-
524 1718 567 1768 τῇ
591 1715 752 1768 Περσίδι.
811 1715 1067 1768 Θεωρήσαντος

25 1774 62 1816 δὲ
76 1779 139 1815 ’τοῦ
160 1778 229 1814 τῶν
248 1778 398 1828 Περσῶν
422 1774 594 1827 βασιλέως
612 1774 670 1813 τὸν
692 1773 870 1824 ἀμύθητον
887 1774 992 1827 ὄχλον
1009 1778 1069 1813 τοῦ

27 1834 315 1888 στρατεύματος,
336 1834 388 1873 ὅτι
412 1837 446 1873 ἐν
471 1834 653 1887 βαρυτάτῃ
687 1834 831 1885 δυνάμει
864 1834 1072 1886 ὁρμηθέντες

27 1895 230 1948 ἔπε’φθασαν
256 1893 377 1946 αὐτὸν,
411 1893 551 1941 ἐξῆλθεν
582 1894 644 1932 καὶ
665 1893 768 1936 αὐτὸς
801 1894 848 1937 εἷς
879 1893 1072 1941 ὑπάντησιν

29 1954 201 1996 ἀκουσίως
226 1955 260 1991 ἓν
285 1953 474 2006 ἑτοιμασίᾳ
496 1953 652 2003 πολέμου
666 1969 674 1977 ·
690 1953 750 1991 καὶ
773 1952 990 1991 ἀντιπίπτειν
1021 1952 1070 2003 μὴ

19 2011 195 2066 ἰσχύσας,
212 2015 307 2051 νῶτα
329 2011 461 2061 διδοὺς,
485 2012 597 2065 φυγὰς
626 2012 821 2065 ἔμπροσθεν
854 2014 966 2050 αὐτῶν
996 2011 1071 2063 ἐγέ-

19 2079 118 2113 'ue-ro.

20 2134 96 2171 ’τῶν
118 2134 268 2184 Περσῶν
292 2137 411 2171 πᾶσαν
438 2131 624 2184 στρατείαν
649 2132 714 2169 κάν
746 2135 823 2174 ταῖς
851 2130 991 2168 πεδιάσι
1012 2129 1072 2169 καὶ

26 2192 101 2235 ταῖς
120 2192 209 2235 ὁδοῖς
229 2190 526 2243 περιεσκόρπισαν
547 2190 691 2243 ἄπειρον
715 2192 784 2228 τῶν
802 2188 1071 2229 κατακοπέντων

26 2251 87 2291 καὶ
107 2250 323 2298 τεθνηκότων
348 2252 493 2297 πλῆθος.
553 2249 598 2289 ‘O
619 2250 654 2288 δὲ
677 2249 841 2302 βασιλεὺς
859 2252 921 2295 τῆς
941 2249 1069 2301 Ἀρμε-

22 2309 122 2360 νίας,
142 2309 330 2355 ἀναζεύξας
348 2311 382 2348 ἐν
399 2310 548 2362 μεγίστῃ
563 2308 642 2362 νίκῃ
657 2309 717 2348 καὶ
731 2308 858 2356 πλήθει
875 2309 1069 2361 χρημάτων

26 2369 118 2420 μετὰ
152 2370 284 2418 πολλῆς
318 2369 508 2421 θυμηδίας,
531 2369 703 2407 διαὸαίνει
732 2370 779 2412 εἷς
812 2369 856 2407 τὰ
890 2368 980 2421 μέρη
1008 2371 1070 2415 τῆς

26 2427 223 2481 Ἀρμενίας.
282 2429 574 2481 Παραγενόμενος
591 2427 628 2467 δὲ
645 2430 679 2466 ἐν
699 2431 742 2480 τῇ
758 2427 903 2482 πατρίδι
919 2427 1071 2480 Ἀραρὰτ

25 2487 87 2528 καὶ
121 2487 243 2538 πόλει,
266 2487 342 2535 ἥτις
374 2489 535 2526 καλεῖται
570 2487 880 2540 Οὖαλεροκτίστη,
912 2501 1068 2538 παρακε-

26 2546 167 2586 λεύεται
201 2547 369 2599 ἀγγέλους
401 2548 681 2593 διαποσταλῆναι
715 2546 891 2599 διαφόροις
923 2546 1068 2598 μέρεσι,

26 2606 85 2646 καὶ
113 2606 312 2659 γράμματα
344 2609 644 2659 καταπεμφθῆναι
675 2605 761 2658 πρὸς
791 2605 830 2643 τὸ
861 2606 1071 2654 ἀναθήματα

26 2664 183 2717 γίνεσθαι
214 2671 286 2709 τοῖς
319 2665 410 2704 ἑπτὰ
451 2667 576 2717 ἱεροῖς,
606 2667 676 2709 τοῖς
721 2666 755 2702 ἐν
787 2668 830 2717 τῇ
864 2665 937 2717 ἰδίᾳ
967 2665 1070 2704 αὐτοῦ

27 2723 440 2799 ἐξουσίᾳῦπάρχουσιν,
439 2724 500 2763 καὶ
523 2724 657 2774 πέμπει
676 2723 820 2767 λευκοὺς
843 2724 994 2798 ταύρους
1012 2723 1071 2762 καὶ

27 2782 169 2828 λευκους
204 2783 351 2836 τράγους
384 2784 444 2822 καὶ
480 2799 603 2827 ιππους
635 2782 777 2827 λευκους
812 2784 874 2821 καὶ
911 2783 1072 2833 ἡμιόνους

0 2855 2 2886 1
27 2842 187 2890 λευκους,
201 2849 318 2895 χρυσᾶ
332 2843 392 2881 καὶ
411 2845 547 2894 ἀργυρᾶ
563 2841 673 2914 σκεύῃ
685 2872 694 2889 ,
710 2841 772 2880 καὶ
789 2843 902 2886 λίθους
917 2842 1071 2891 τιμίους,

0 2901 7 2949 Jr
28 2901 90 2940 καὶ
109 2901 435 2940 πολυτελέστατον
427 2917 579 2952 ιματισμ
583 2901 619 2939 ὸν
638 2901 673 2945 ἐξ
688 2904 736 2939 ὢν
753 2917 791 2939 τε
809 2905 901 2953 εἶχεν
920 2901 980 2939 καὶ
1004 2901 1073 2940 ἀπὸ

0 2974 98 2999 πων
121 2963 225 2999 αὐτου
259 2976 451 3011 συγγενων,
471 2962 519 3003 εἷς
547 2959 654 3009 τιμὴν
688 2961 748 2999 καὶ
770 2960 901 3010 κόσμον
923 2963 991 2999 τῶν
1014 2976 1071 2998 σε-

0 3015 1 3018 “
3 3019 195 3073 ὂασμίων
224 3020 330 3058 αὐτοῦ
361 3019 491 3067 τόπων,
513 3019 581 3057 ἀπὸ
604 3019 745 3058 πάντων
773 3036 842 3058 των
872 3019 1008 3059 σκύλων
1032 3019 1072 3058 τὸ

30 3079 191 3130 πέμπτον
221 3080 269 3122 εἷς
296 3077 420 3122 αὐτους
450 3078 636 3131 ἀφορίσας,
666 3078 782 3117 πολλά
810 3094 849 3117 τε
879 3080 973 3132 δῶρα
1003 3079 1073 3122 τοῖς

25 3127 178 3200 Ϊερευσιν
210 3137 422 3190 ἐχαρίσατο,
456 3138 526 3181 τοῖς
555 3137 590 3175 δὲ
623 3137 866 3190 στρατεύμασι
894 3143 965 3181 τοῖς
993 3154 1073 3191 περι

25 3188 136 3235 αὐτον
157 3195 354 3248 παρασχὼν
375 3194 527 3269 δωρεὰς,
546 3195 736 3235 ἀπέλυσεν.

86 3256 108 3305 S
135 3270 196 3296 12.
222 3255 338 3294 Πάλιν
366 3254 440 3293 δὲ’
426 3270 460 3293 εν
480 3257 530 3308 τῷ
554 3253 687 3294 ἐπιόντι
711 3257 858 3307 ἐνιαυτῷ
885 3254 1073 3308 στρατείαν

28 3314 260 3365 συναθροίσας
279 3313 486 3367 Κουσάρων,
497 3317 515 3352 ὁ
530 3316 598 3352 τῶν
613 3314 802 3367 Ἀρμενίων
823 3314 998 3365 βασιλεὺς,
1014 3313 1074 3352 καὶ

33 3370 97 3419 τὴν
118 3374 223 3411 αὐτοῦ
245 3373 453 3426 συμμαχίαν
472 3373 796 3425 ἀνακαλεσάμενος,
813 3373 834 3421 ἢ
851 3373 910 3412 καὶ
928 3372 1072 3412 πλείονα

649 128 885 171 HISTOIRE
911 129 983 195 DU
1010 121 1181 168 REGNE
1211 129 1279 168 DE
1307 129 1561 168 TIRIDATE.

0 213 122 275 finis
147 221 195 259 de
224 215 419 258 differents
447 219 551 257 cotes
581 231 685 268 pour
714 220 750 256 le
782 213 952 258 566011τί1-
982 218 1005 256 a
1030 219 1068 256 la
1101 220 1107 235 ¹

179 2074 226 2111 Οἳ
255 2069 291 2110 δὲ
319 2071 484 2123 πολέμιοι
513 2071 791 2116 καταδιώξαντες
822 2070 1080 2123 κατέστρωσαν·

2099 138 2175 176 {17

1140 219 1261 256 autels
1284 217 1353 269 (3).
1385 219 1418 254 11
1435 218 1582 268 gratifia
1604 220 1656 256 les
1674 220 1844 258 localitas
1868 221 1916 259 de
1939 224 1976 260 la
1999 237 2086 261 race
2115 237 2177 262 ar-

1140 280 1266 316 sacide
1299 279 1522 315 consacrees
1547 291 1595 314 au
1630 279 1730 314 culte
1755 281 1924 316 national
1952 281 2180 322 d'offrandes

1141 338 1188 374 de
1208 344 1392 373 taureaux
1409 336 1542 373 blancs
1575 342 1623 372 et·
1641 336 1689 372 de
1720 337 1883 374 chevres
1902 339 2108 386 blanche&
2132 339 2179 379 de‘

1141 397 1313 434 chevaux
1327 402 1365 432 et
1378 395 1426 432 de
1438 396 1574 431 mulets
1587 395 1717 432 blancs
1728 424 1738 442 ‚
1762 396 2017 434 d’ornements
2037 399 2124 436 d’or
2137 409 2181 438 ‘et

1141 456 1312 505 d'argent
1331 467 1420 492 avec
1435 454 1502 491 des
1518 454 1666 503 franges
1686 455 1891 492 eclatantes
1905 484 1915 502 ,
1938 456 1986 492 de
2008 455 2181 497 tissus²de

1140 517 1238 563 soie,
1263 516 1374 551 ornes
1402 514 1450 550 de
1479 513 1696 563 guirlandes
1719 521 1755 550 et
1777 515 1823 550 de
1843 515 2002 560 festons‚
2023 516 2071 552 de
2090 514 2181 554 cou-

1140 587 1279 611 ronnes
1307 573 1392 610 d’or
1416 581 1454 610 et
1482 573 1737 610 d’ornements
1757 572 1950 622 d’argent‚
1969 575 2017 611 de
2036 577 2179 625 magni-

1141 634 1262 683 fiques
1288 646 1391 670 vases
1413 633 1587 682 d'argent
1609 640 1646 668 et
1672 632 1755 669 d’or
1775 633 1936 669 enrichis
1955 633 2003 670 de
2034 635 2181 683 pierre·

1141 694 1236 739 ries,
1271 693 1319 729 (16
1347 691 1555 728 νὲ16ω61115
1586 691 1805 740 splendides
1845 698 1882 727 et
1914 691 1961 727 de
2005 692 2185 740 super-bes

1140 764 1311 802 parures.
1336 751 1369 787 11
1388 763 1412 799 y
1431 750 1561 798 ajouta
1591 763 1638 786 en
1661 758 1770 787 outre
1800 751 1837 786 la
1866 750 2080 799 cinquieme
2100 760 2187 801 part

1143 812 1196 848 du
1214 811 1326 847 butin
1343 809 1436 859 qu'il
1457 811 1558 846 avait
1576 811 1727 855 enleve'‚
1748 818 1784 846 61
1800 809 1843 846 fit
1863 809 1911 846 de
1929 811 2089 859 grandes
2105 812 2187 847 lar-—

1143 883 1266 920 gesses
1282 883 1353 906 aux
1371 869 1531 919 pretres.
1549 870 1581 905 11
1598 882 1645 906 en
1661 869 1704 906 fit
1724 871 1934 919 e'galement
1953 882 2027 906 aux
2047 870 2187 907 soldats

1144 931 1211 978 qui
1240 929 1419 966 l'avaient
1451 930 1731 978 accompagne‚
1749 936 1786 965 et
1806 929 1951 965 ensuite
1970 929 1996 964 il
2022 929 2076 965 les
2096 942 2187 966 con-

1144 989 1270 1038 gedia.
1307 995 1310 998 '

1501 1068 1748 1106 CHAPITRE
1777 1070 1828 1105 ΙΙ.

1201 1162 1235 1215 [ξ
1256 1163 1338 1214 12.]
1354 1165 1415 1200 Au
1432 1170 1757 1200 eommencement
1773 1163 1821 1200 de
1834 1164 1982 1200 l’annee
1998 1166 2187 1211 suivante,

1143 1264 1222 1303 rene
1244 1270 1370 1311 (liv.11‚
1395 1269 1448 1301 ch.
1463 1268 1577 1311 71-73)
1591 1271 1626 1301 et
1641 1269 1727 1301 celui
1745 1268 2016 1302 d'oukhthannes
2033 1266 2191 1304 d’Edesse

1145 1318 1221 1359 (ms.
1240 1317 1282 1349 de
1305 1317 1337 1349 la
1361 1316 1445 1348 Bibl.
1457 1316 1551 1357 imp.‚
1566 1326 1665 1348 nouv.
1679 1316 1774 1349 fonds
1788 1318 1932 1357 arm.,n⁰
1945 1319 1997 1357 47,
2010 1326 2042 1358 p.
2061 1319 2187 1357 60-67).

1186 1364 1233 1407 (3)
1253 1363 1413 1396 &etaient
1442 1363 1784 1396 vraisemblablement
1804 1364 1853 1396 les
1872 1364 1980 1396 autels
1999 1364 2191 1406 principaux

1143 1412 1186 1444 de
1198 1411 1374 1443 l’Armenie
1383 1436 1391 1450 ‚
1407 1411 1511 1443 situes
1525 1410 1607 1443 dans
1619 1411 1650 1443 16
1664 1411 1827 1443 territoire
1839 1411 1881 1443 de
1894 1411 2117 1453 Phai'dagaran
2126 1437 2134 1452 ,
2146 1412 2189 1444 οὺ

1145 1467 1180 1491 56
1193 1458 1340 1490 trouvait
1353 1467 1398 1489 un
1411 1459 1528 1490 canton
1544 1457 1589 1490 du
1601 1468 1678 1490 nom
1691 1457 1722 1490 d’
1733 1472 1748 1486 «
1761 1459 1858 1491 Autel
1875 1458 1933 1491 des
1946 1461 2019 1500 sept
2031 1459 2146 1491 niobes
2159 1472 2189 1491 ».
2241 1482 2247 1492 .

1147 1505 1312 1547 (1ndjidji,
1328 1505 1450 1547 Ge'oqr.
1468 1514 1546 1538 ane.
1565 1505 1609 1538 de
1625 1505 1758 1545 l’Arm.‚
1773 1515 1815 1538 en
1831 1515 1926 1546 arm.‚
1941 1514 1974 1547 p.
1989 1506 2075 1547 326).

1146 1656 1314 1689 exercitus
1331 1656 1383 1689 sui
1399 1665 1477 1689 cum
1495 1656 1631 1689 advenis
1648 1656 1725 1689 belli
1748 1657 1819 1689 arte
1836 1655 2011 1689 admodum
2029 1656 2190 1689 exercita-

1146 1719 1191 1752 tis
1203 1745 1211 1760 ,
1229 1719 1398 1762 ingressus
1419 1720 1470 1752 est
1485 1719 1666 1752 Persidem.
1712 1720 1797 1752 Cum
1816 1719 1928 1752 autem
1957 1718 2086 1751 videret
2110 1721 2189 1752 Per-

1147 1793 1261 1816 sarum
1279 1793 1338 1816 rex
1351 1783 1623 1816 innumerabilem
1636 1783 1796 1815 exercitus
1811 1782 2057 1815 multitudinem
2066 1808 2074 1823 ,
2086 1791 2189 1823 quan-
2213 1814 2215 1816 ,

1147 1847 1329 1889 doquidem
1345 1847 1492 1880 maximis
1510 1856 1586 1879 cum
1604 1846 1731 1878 viribus
1749 1845 1858 1888 ipsum
1874 1846 2123 1887 praevenerant,
2140 1845 2191 1877 in-

1146 1913 1237 1945 vitus
1263 1914 1296 1945 et
1321 1913 1392 1954 ipse
1420 1912 1551 1944 obviam
1579 1910 1738 1953 processit
1763 1920 1840 1943 cum
1866 1912 2027 1952 apparatu
2052 1910 2190 1947 bellico;

1147 1985 1289 2018 cumque
1307 1976 1460 2009 resistere
1479 1985 1544 2008 non
1568 1975 1712 2015 valeret,
1733 1976 1825 2017 terga
1850 1974 1950 2015 dans,
1967 1975 2001 2007 in
2022 1975 2131 2016 sugam
2151 1974 2192 2006 ab

1147 2039 1228 2081 ipsis
1246 2045 1426 2072 conversus
1446 2039 1507 2070 est.
1553 2038 1674 2070 Hostes
1692 2046 1770 2070 vero
1785 2038 1972 2079 persecuti,
1986 2038 2096 2069 totum
2114 2038 2193 2069 Per-

1146 2112 1258 2136 sarum
1287 2104 1534 2144 prostraverunt
1565 2102 1771 2142 exercitum,
1805 2103 1840 2135 et
1873 2101 2128 2143 circumquaque
2158 2101 2193 2132 in

1145 2168 1269 2209 campis
1296 2169 1328 2200 et
1350 2167 1385 2200 in
1411 2167 1474 2200 viis
1501 2156 1727 2209 disperserunt
1748 2167 1955 2199 innumeram
1986 2165 2192 2198 concisorum

1145 2234 1420 2274 mortuorumque
1438 2232 1698 2265 multitudinem.
1713 2233 1813 2264 Porro
1830 2240 1889 2264 rex
1904 2230 2079 2270 Armeniae,
2093 2229 2194 2261 motis

1146 2296 1261 2329 castris
1274 2322 1281 2336 ,
1304 2295 1448 2328 maxima
1465 2295 1592 2336 potitus
1619 2294 1756 2327 victoria
1777 2295 1811 2327 et
1829 2294 1953 2335 ingenti
1978 2293 2193 2335 pecuniarum

1146 2361 1254 2403 copia,
1280 2369 1397 2402 magna
1424 2369 1500 2393 cum
1521 2359 1740 2392 oblectatione
1760 2358 2001 2400 transgreditur
2028 2357 2062 2389 in
2082 2358 2194 2399 partes

1145 2425 1319 2458 Armeniae.
1365 2423 1430 2456 Ubi
1444 2425 1555 2456 autem
1582 2423 1776 2464 pervenerat
1792 2422 1826 2454 in
1852 2421 2056 2463 provinciam
2076 2422 2194 2454 Ararat

1145 2491 1178 2522 et
1191 2489 1359 2521 civitatem
1372 2497 1447 2530 quae
1460 2488 1599 2520 vocatur
1613 2487 1832 2519 Valeroctista
1845 2478 2088 2529 (Valarsabad)‚
2098 2486 2194 2528 jubet

1145 2555 1278 2586 nuntios
1293 2553 1380 2585 mitti
1397 2552 1431 2584 in
1449 2551 1557 2584 varias
1572 2535 1701 2593 partes,
1716 2551 1909 2592 litterasque
1934 2551 2034 2584 scribi
2064 2550 2107 2583 ad
2134 2559 2192 2593 pa-

1145 2617 1247 2650 randa
1283 2616 1418 2650 donaria
1430 2641 1438 2655 ‚
1482 2614 1712 2656 suspendenda
1747 2614 1781 2646 in
1817 2616 1943 2656 septem
1985 2613 2090 2654 sanis,
2118 2622 2194 2655 quae

1146 2685 1223 2716 sunt
1249 2682 1283 2714 in
1313 2681 1417 2723 ipsius
1447 2680 1589 2718 ditione3
1618 2679 1785 2720 mittitque
1810 2680 1923 2711 tauros
1955 2678 2064 2719 albos,
2085 2677 2195 2711 hircos

1145 2747 1255 2786 albos,
1287 2754 1389 2786 equos
1420 2743 1531 2783 albos,
1557 2743 1666 2775 asinos
1700 2742 1811 2781 albos,
1840 2751 1918 2774 vasa
1950 2750 2048 2774 aurea
2075 2742 2110 2774 et
2141 2750 2196 2774 ar-

1145 2811 1280 2852 gentea,
1304 2807 1430 2849 lapides
1459 2806 1642 2848 pretiosos,
1666 2806 1700 2838 61
1728 2814 1766 2837 ex
1782 2804 1999 2837 .vestimentis
2023 2805 2093 2837 tam
2118 2814 2194 2846 quae

1145 2874 1215 2916 ipse
1234 2872 1392 2912 habebat,
1408 2879 1508 2912 quam
1526 2879 1601 2911 quae
1614 2878 1633 2901 a
1646 2868 1894 2910 consanguineis
1913 2869 2104 2910 acceperat,
2122 2877 2194 2902 ma·

1147 2936 1416 2981 gnificentissima
1447 2935 1490 2967 ad
1516 2934 1676 2966 honorem
1703 2934 1736 2966 et
1761 2933 1913 2965 ornatum
1934 2931 2195 2965 venerandorum

1145 3004 1294 3037 locorum
1317 3010 1454 3034 suorum
1467 3024 1476 3039 ,
1507 2999 1547 3031 ab
1580 2998 1731 3031 omnibus
1761 2997 1872 3039 spoliis
1897 2997 2047 3038 quintam
2067 3006 2127 3039 pro
2149 2996 2192 3030 iis

1145 3068 1273 3109 partem
1290 3072 1456 3107 separans.
1501 3062 1605 3095 Multa
1623 3069 1757 3102 quoque
1777 3059 2006 3092 sacerdotibus
2022 3057 2108 3093 dona
2125 3059 2193 3092 lar-

1147 3131 1313 3174 giebatur3
1338 3128 1466 3170 agmina
1484 3135 1563 3159 vero
1575 3151 1582 3165 ‚
1602 3134 1676 3166 quae
1696 3133 1808 3157 secum
1832 3123 1975 3156 habebat
1987 3148 1995 3163 ,
2015 3122 2111 3155 donis
2129 3122 2192 3155 ho-

1147 3195 1282 3232 norata,
1303 3191 1439 3225 dimisit.
1913 3191 1916 3193 '
2020 3235 2023 3237 Δ

1189 3260 1207 3301 §
1231 3262 1278 3292 12.
1300 3259 1341 3291 At
1355 3266 1485 3290 rursum
1499 3255 1649 3297 sequenti
1667 3262 1752 3286 anno
1773 3253 1956 3286 exercitum
1977 3251 2193 3295 congregavit

1149 3320 1296 3350 Cusaron
1307 3315 1467 3349 Armeniae
1483 3324 1552 3354 rex,
1568 3315 1601 3346 61
1616 3311 1789 3345 advocavit
1802 3311 1889 3344 idem
1906 3310 2069 3344 sociorum
2083 3309 2188 3343 subsi-

1148 3378 1239 3410 dium
1252 3402 1260 3415 ‚
1279 3376 1335 3408 aut
1355 3375 1462 3416 maJ'us
1480 3374 1578 3407 etiam
1593 3372 1817 3415 praecedente,
1837 3371 2000 3412 duxitque
2018 3370 2060 3403 ad
2079 3372 2190 3412 paries
2222 3402 2225 3408 s
