2294 3620
125 157 198 196 116

123 255 222 292 coup
237 242 399 279 d’autres
412 241 460 278 de
475 253 535 278 ces
551 241 734 288 contrees‚
749 251 849 288 pour
860 250 1002 287 venger
1013 238 1048 273 le
1062 249 1154 286 sang

123 301 343 340 d’Artaban.
364 301 398 336 11
412 301 500 336 etait
518 301 547 336 si
563 298 690 348 afflige
707 292 780 347 que
798 299 851 334 les
872 299 1020 341 Perses,
1039 302 1154 344 ayant

121 360 347 398 abandonne
370 372 426 396 ses
440 366 610 408 parents,
625 371 663 394 se
681 358 822 393 fussent
841 356 982 392 soumis
1005 366 1152 390 comme

121 431 278 456 vassaux
315 418 336 455 a
373 419 410 454 13
446 418 620 453 nouvelle
655 415 888 452 domination
929 414 992 449 des
1031 412 1152 448 Sdahr

123 477 293 530 (Perses),
328 477 421 525 qu’il
439 488 584 524 envoya
606 475 812 524 egalement
833 485 905 508 une
931 470 1151 507 ambassade

121 537 143 573 a
162 548 223 572 ces
240 535 378 572 memes
393 542 563 583 parents,
582 546 680 582 pour
700 532 810 580 qu'ils
835 529 1150 567 s'assemblassent

122 606 211 631 avec
229 595 264 630 le
291 605 475 630 concours
501 593 565 628 des
583 592 831 638 belliqueuses
846 588 1090 637 populations
1114 593 1152 622 et

123 653 190 689 des
209 665 422 702 courageux
442 651 581 687 soldats
606 650 669 686 des
689 650 908 685 Kouschans
923 645 970 696 (1)
989 652 1025 681 et
1044 645 1148 681 d'au-

164 777 210 819 (1)
238 778 299 810 Les
317 775 508 808 Kouschans
535 775 608 806 sont
637 772 839 805 mentionnes
868 770 949 802 dans
978 771 1081 801 Mo'ise
1107 768 1149 800 de

122 824 273 858 Khorene
297 823 366 866 (liv.
381 824 407 862 Ι,
433 821 483 854 611.
504 821 567 862 13).
593 821 680 852 Νο35
704 827 805 850 avons
830 817 935 848 donne
955 815 1013 848 des
1036 815 1152 847 details

123 880 180 903 sur
192 871 278 903 cette
292 869 401 902 nation
419 868 500 900 dans
514 868 563 899 les
578 868 671 898 notes
684 865 740 906 qui
756 863 1008 904 accompagnent
1030 862 1062 893 13
1079 863 1148 893 tra-

123 917 257 950 duction
269 917 309 948 de
321 918 392 948 Mar
402 918 488 956 Apas
502 914 613 946 Catina
623 913 710 954 (voy.
722 912 794 952 plus
806 911 897 949 haut,
908 919 942 950 p.
958 913 1009 947 23,
1021 910 1096 940 note
1110 909 1149 948 1).

163 964 210 1006 (2)
229 965 331 996 Moise
347 962 388 994 de
404 962 554 993 Khorene
571 960 640 1001 (liv.
656 961 698 997 ΙΙ,
716 958 766 990 ch.
783 957 986 993 67)13601116
1002 956 1051 987 165
1074 957 1148 987 ten-

122 1011 243 1043 tatives
257 1010 351 1042 saites
363 1017 419 1050 par
431 1006 592 1039 chosroes
601 1031 608 1045 ‚
622 1005 671 1037 roi
683 1003 877 1043 d'Armenie‚
892 1012 974 1044 pour
987 1004 1151 1034 entrainer

123 1066 175 1090 ses
193 1057 323 1098 parents
336 1055 416 1087 (13115
438 1055 468 1086 13
486 1053 573 1094 ligne
586 1053 694 1084 contre
707 1050 874 1087 Ardschir,
886 1052 920 1082 et
931 1049 1075 1090 s'appuie
1093 1058 1151 1082 sur

121 1104 152 1137 16
173 1103 372 1144 temoignage
389 1102 495 1132 meme
511 1099 732 1140 d'Agathange
745 1097 824 1129 dont
846 1097 869 1128 il
883 1096 1050 1138 reproduit
1067 1105 1151 1137 pour

122 1150 203 1190 ainsi
223 1149 291 1182 dire
306 1147 547 1181 textuellement
570 1147 617 1178 les
636 1145 774 1186 paroles.
796 1144 894 1183 Μ3ἰ5,
914 1145 1068 1176 trouvant
1084 1152 1149 1184 que

121 1198 169 1229 les
192 1196 306 1229 details
323 1194 447 1227 sournis
460 1203 517 1235 par
531 1193 561 1225 le
584 1191 754 1224 5661613116
771 1191 812 1224 (16
829 1190 974 1223 Tiridate
988 1192 1062 1223 sont
1074 1191 1150 1231 trop

120 1242 288 1275 restreints
300 1266 307 1280 ‚
320 1242 421 1272 Moise
438 1240 478 1272 (16
500 1239 649 1271 Κ11016116
668 1238 744 1280 (liv.
763 1240 795 1270 ΙΙ
807 1263 814 1277 ,
830 1238 881 1270 611.
898 1241 936 1270 68
950 1237 960 1278 )
974 1237 1080 1269 donne
1105 1246 1151 1268 un

120 1289 201 1323 recit
222 1287 451 1320 circonstancie
467 1286 507 1319 de
520 1295 574 1318 ces
588 1286 797 1318 evenements
809 1310 817 1323 ‚
833 1293 874 1316 en
890 1284 920 1316 16
938 1284 1056 1316 faisant
1071 1284 1146 1325 pre-

119 1335 215 1369 661161
226 1335 266 1367 (16
279 1334 436 1366 l'histoire
449 1333 490 1365 de
502 1333 533 1365 la
547 1332 714 1365 fondation
725 1332 784 1364 des
798 1331 956 1372 satrapies
969 1331 1010 1363 de
1026 1332 1148 1363 63163-

120 1381 251 1420 vahlav,
262 1380 302 1412 de
313 1379 578 1412 Souren-Pahlav
594 1380 628 1411 et
650 1377 1028 1418 d’Aspahabed-Pahlav,
1042 1377 1150 1409 cree'es

117 1437 174 1470 par
193 1426 374 1459 Ardasches
390 1436 431 1459 en
449 1427 562 1459 faveur
578 1425 619 1458 de
637 1434 690 1458 ses
711 1425 823 1457 freres.
839 1425 916 1457 Plus
931 1424 998 1456 loin
1020 1424 1089 1464 (liv.
1106 1426 1147 1464 ΙΙ,

121 1525 310 1577 Κουσᾶρων
331 1526 348 1562 ὁ
375 1526 443 1563 τῶν
464 1523 650 1575 Ἀρμενίων
675 1522 836 1575 βασιλεὺς
856 1522 1039 1574 στρατείαν
1061 1538 1145 1560 συν-

118 1583 283 1636 αθροίζειν
297 1612 308 1631 ,
321 1583 381 1622 καὶ
395 1584 578 1634 συγκαλεῖν
603 1581 664 1629 τὴν
679 1584 747 1620 τῶν
762 1581 936 1620 Ἀλὸανῶν
963 1581 1022 1619 καὶ
1037 1582 1150 1628 Ἤδη-

123 1645 189 1695 ρὶὔν
199 1643 417 1696 στρατόπεδα
423 1641 535 1694 ρχίαν,
545 1641 676 1686 ἀνοῖξαι
686 1640 721 1680 δὲ
732 1641 791 1679 καὶ
798 1640 861 1684 τὰς
871 1640 1070 1693 κλεισούρας
1079 1643 1147 1678 τῶν

125 1702 284 1752 Αλανῶν,
317 1700 377 1738 καὶ
405 1703 466 1738 τοῦ
497 1700 683 1751 λεγομένου
716 1699 870 1751 Ζουάρου
900 1698 1150 1752 (Καζουοίρου)

118 1758 263 1811 πύργου,
285 1758 444 1796 ἐκὸαλεῖν
477 1774 513 1796 τε
545 1757 587 1795 τὰ
621 1759 689 1795 τῶν
716 1757 856 1796 Οῧννων
890 1757 1150 1811 στρατεύματα,

120 1816 210 1855 ὥστε
225 1818 427 1868 ἐπιδραμεῖν
442 1822 511 1859 τοῖς
524 1819 583 1862 τῆς
598 1816 765 1868 Περσίδος
780 1815 917 1868 μέρεσιν
940 1816 1151 1855 καταλαὸεῖν

120 1891 158 1914 τε
173 1875 234 1914 καὶ
253 1875 297 1913 τὰ
317 1875 469 1924 κλίματα
490 1878 551 1922 τῆς
576 1875 778 1927 Ἀσσυρίας,
809 1875 871 1918 ἕως
889 1878 956 1913 τῶν
979 1875 1152 1914 Κασπίων

121 1934 313 1986 λεγομένων
334 1936 468 1984 πυλῶν,
482 1933 668 1986 πρεδεῧσαί
681 1950 718 1972 τε
733 1934 791 1972 καὶ
817 1935 984 1986 ἀφανῗσαι
1003 1933 1026 1981 ἢ
1045 1950 1152 1984 μετα-

121 1996 227 2031 θεῖναι
243 1993 303 2036 τὰς
315 1994 349 2030 ἐν
365 1993 492 2045 ἡσυχία
505 1993 563 2031 καὶ
579 1993 718 2047 εὔανθίᾳ
728 1993 843 2036 πόλεις
861 2009 898 2031 τε
912 1993 971 2031 καὶ
987 1994 1153 2045 κωμοπό-

121 2053 190 2095 λεις
203 2051 470 2101 καθισταμένας.
484 2051 720 2096 Ἐσπούδαζεν
740 2051 807 2105 γὰρ
824 2053 1073 2102 ἐνθυμούμενος
1093 2054 1152 2091 καὶ

119 2110 177 2149 τὸν
192 2110 296 2166 νόμον
311 2110 429 2162 ἐξᾶραι
441 2113 500 2157 τῆς
515 2113 581 2148 τῶν
598 2113 744 2164 Περσῶν
761 2111 959 2154 δεσποτείας
980 2113 1026 2156 εἷς
1039 2113 1150 2163 τέλος,

121 2168 294 2216 ἐκδίκησιν
314 2169 431 2207 λαὸεἷν
458 2169 676 2221 ἐπειγόμενος
692 2172 754 2216 τ’ῆς
771 2170 978 2214 ἐκπτώσεως
992 2173 1052 2218 τῆς
1071 2173 1152 2209 δεσ-

119 2227 258 2271 ποτείας
279 2231 337 2266 τοῦ
364 2229 525 2281 ἀδελφοῦ.
583 2229 750 2279 Μεγάλην
779 2229 813 2267 δὲ
836 2229 924 2282 ἔχων
951 2233 1068 2279 μ’ἦνιν,
1093 2230 1152 2268 καὶ

120 2285 307 2338 πεπληγὼς
321 2286 461 2339 ἀμέτρῳ
485 2287 578 2339 ζήλῳ
597 2287 660 2334 τὴν
688 2289 833 2340 καρδίαν
857 2289 975 2340 ὑψηλὰ
997 2289 1149 2342 ἐφρόνει,

121 2347 253 2400 θαρρῶν
277 2348 326 2396 τῷ
345 2349 406 2392 τῆς
428 2346 610 2398 στρατείας
626 2347 750 2394 πλήθει
775 2347 833 2385 καὶ
853 2351 896 2400 τῇ
918 2348 1059 2400 ἀνδρείᾳ
1083 2350 1151 2388 τῶν

122 2403 331 2456 συμμάχων.
380 2404 471 2443 Τότε
480 2398 536 2443 οῧν
547 2407 580 2443 ἐν
590 2405 691 2457 τάχει
700 2408 746 2449 εἷς
759 2406 919 2457 βοήθειαν
931 2409 1017 2456 ὁμοῦ
1027 2406 1154 2451 πάντες

121 2462 271 2514 ἔφθασαν
289 2461 377 2513 μετὰ
395 2464 537 2515 ἀπείρου
558 2463 709 2510 πλήθους
728 2465 788 2502 καὶ
810 2465 1059 2517 ἀνδρειοτάτων
1090 2468 1148 2504 ἱπ-

122 2521 212 2559 πέων
230 2521 440 2574 καὶῖσχυρᾶς
449 2522 650 2573 ἑτοιμάσίας
664 2523 824 2562 ’amomi
836 2555 845 2572 ,
860 2525 1029 2576 Λιφίννιοι
1040 2554 1050 2572 ,
1067 2526 1151 2563 Σιλ-

123 2578 234 2627 6άνοι,
252 2582 447 2630 Κασπῖται,
460 2582 519 2619 καὶ
534 2582 632 2620 ἄλλοι
649 2584 687 2620 ἐκ
702 2585 769 2620 τῶν
787 2583 898 2621 αὐτῶν
916 2586 1042 2636 μερῶν,
1058 2582 1152 2627 ὅπως

121 2637 183 2685 τὴν
213 2639 345 2688 ἄμυναν
372 2644 432 2677 τοῦ
454 2641 485 2678 Ἀ
494 2641 665 2692 ρταὸάνου
696 2640 844 2691 αἵματος
874 2642 1150 2689 ἐπιζητήσωσιν.

126 2696 196 2735 Καὶ
214 2697 280 2749 γὰρ
300 2699 334 2735 ἐν
358 2698 504 2750 μεγίστῃ
527 2699 621 2750 λύπῃ
640 2703 796 2752 ὑπῆρχεν
822 2700 880 2739 διὰ
906 2700 969 2747 τὴν
1000 2701 1149 2754 φυσικὴν

124 2755 338 2807 ἀδελφότητα
359 2761 416 2795 τοῦ
448 2758 703 2809 ἀναιρεθέντος,
722 2758 782 2797 καὶ
813 2751 882 2806 τὴν
898 2761 1001 2798 αὐτοῦ
1023 2761 1150 2812 συγγέ-

124 2829 214 2852 νειαν
240 2814 301 2862 τὴν
327 2816 543 2866 ὁμοθυμαδὸν
571 2819 803 2869 ὃποταγεῖσαν
826 2817 890 2871 (τῆ
929 2820 1064 2871 ἀρχῇῗ)
1085 2822 1152 2857 τῶν

126 2872 338 2925 ἐπαρθέντων
359 2875 578 2926 Σταχριτῶν,
598 2875 657 2913 καὶ
672 2876 825 2926 μάλιστα
839 2877 890 2914 ὅτι
913 2877 973 2915 καὶ
986 2879 1152 2924 ἀποστεί-

125 2931 186 2974 λας
195 2927 236 2978 ἧν
251 2934 268 2970 ὁ
284 2933 470 2984 Κουσάρων
491 2934 652 2986 πρέσὸεις
664 2963 673 2981 ,
689 2934 744 2973 ἵνα
762 2936 792 2972 οἱ
814 2943 988 3003 συγγενεῖς
1006 2938 1053 2979 εἷς
1071 2938 1153 2987 βοή-

128 2991 222 3050 θειαν.
233 2991 510 3041 παραγένωνται,
527 2993 819 3046 ἀνθιστάμενοιτῇ
834 2995 957 3032 νεωστὶ
976 2995 1152 3049 βασιλείᾳ,

129 3046 187 3083 καὶ
200 3053 300 3100 χεῖρα
317 3048 474 3100 ὀρέξωσιν
490 3053 535 3094 εἷς
552 3051 756 3103 συμμαχίαν
769 3068 777 3075 ·
795 3053 887 3102 ὅμως
906 3055 937 3090 οἳ
957 3059 1131 3104 συγγενεῖς
1143 3083 1153 3100 ‚

131 3105 302 3156 φυλάρχαι
331 3107 388 3144 καὶ
423 3109 602 3160 σατράπαι
630 3110 689 3148 καὶ
721 3109 860 3162 ἔξαρχοι
888 3111 1041 3164 Πάρθων
1089 3114 1154 3164 οὐχ

132 3161 341 3215 ὑπήκουσαν.
395 3167 632 3218 Πεπεισμένοι
647 3167 715 3220 γὰρ
735 3168 795 3206 καὶ
821 3170 1070 3216 εὐδοκήσαντες
1090 3171 1150 3208 καὶ

133 3220 354 3269 ὑποταγέντες
374 3219 459 3269 ἦσαν
576 3229 619 3277 τῇ
641 3229 708 3263 τῶν
731 3230 904 3277 ὁμογενῶν
934 3228 1116 3267 δεσποτεία
1135 3229 1155 3275 ἢ

133 3277 351 3330 ἀδελφότητι.
1104 3268 1111 3281 ⁴

188 3337 211 3386 §
235 3350 292 3374 11.
314 3338 413 3384 Πλὴν
443 3339 533 3390 ὅμως
562 3342 679 3380 λαὸὼν
699 3345 716 3381 ὁ
739 3344 927 3397 Κουσάρων
948 3345 986 3383 τὸ
1015 3348 1144 3393 πλῆθος

1198 837 1202 843 .
1224 815 1428 856 presentants
1448 814 1489 846 de
1517 814 1603 846 deux
1618 813 1659 846 (16
1677 823 1732 846 665
1749 815 1920 856 satrapias,
1933 815 1982 848 les
2009 817 2136 849 Souren
2149 817 2196 851 et

1023 143 1352 187 AGATHANGE.

1227 235 1326 278 dela,
1340 239 1378 268 et
1397 231 1445 267 de
1469 232 1569 266 leurs
1585 242 1746 278 propres
1765 229 1890 278 sujets.
1907 231 1999 269 Mais
2018 244 2075 274 ses
2089 245 2194 281 pare
2212 214 2249 276 „J

1226 294 1278 329 les
1293 290 1393 327 chefs
1411 287 1477 325 des
1495 289 1654 325 familles
1672 296 1710 325 et
1724 289 1778 324 les
1795 290 2025 338 principaux
2041 290 2188 331 d'emre

1225 351 1378 387 Parthes
1387 376 1396 393 ‚
1408 360 1455 384 ne
1471 347 1720 383 l'ecouterent
1730 348 1861 395 point,
1875 361 1988 397 parce
2003 349 2114 398 qu'ils
2126 351 2200 393 &gai
2209 371 2223 384 .=

1226 408 1310 455 deja
1341 408 1480 443 soumis
1505 406 1526 442 3
1559 406 1765 442 Ardaschir
1789 413 1826 442 et
1850 407 2024 444 satisfaits
2053 408 2172 446 d’etre
2189 428 2221 462 ss:-

1225 465 1358 516 sujets‚
1379 465 1507 514 plutot
1531 477 1606 513 que
1633 465 1680 501 (16
1698 465 1733 501 16
1754 465 1914 502 devenir
1943 466 1991 503 de
2007 466 2092 504 leur
2112 480 2158 506 co
2184 488 2189 502 ι

1226 527 1338 562 triote
1361 531 1397 560 et
1416 523 1464 560 de
1484 525 1567 560 leur
1585 531 1722 573 parent
1739 521 1807 575 (2).
2178 518 2180 522 ’
2222 526 2232 531 ”

1280 583 1317 632 [S
1342 597 1355 619 1
1369 596 1382 619 1
1393 582 1419 632 .]
1437 578 1655 631 Cepen'dzmt
1673 583 1858 620 Chosroes
1873 585 2075 622 rassembla
2086 586 2121 622 la
2138 599 2176 624 m
2188 604 2236 630 ¹1*

1227 643 1318 680 tude
1341 642 1388 678 de
1414 654 1470 677 ses
1498 641 1640 678 soldats
1655 649 1692 678 et
1717 650 1801 679 tous
1829 655 1924 679 ceux
1949 646 2016 693 qui
2039 635 2245 686 613161111ξἸ

1228 768 1280 800 611.
1303 767 1368 808 71),
1386 766 1566 800 l'historien
1590 767 1757 799 armenien
1773 769 1906 800 raconte
1929 768 1962 800 la
1979 748 2122 810 jalousie‘
2137 769 2198 803 des
2216 746 2243 829 ’ξι

1222 861 1428 903 Aspahabed‚
1441 862 1554 893 contre
1567 861 1599 893 13
1611 861 1753 894 1113116116
1763 862 1918 903 regnante
1931 862 2031 895 sortie
2040 862 2083 896 de
2091 863 2165 896 leur

1221 910 1254 941 et
1271 909 1343 940 leur
1364 907 1521 940 adhesion
1546 907 1565 939 3
1587 907 1771 940 l’elevatiou
1795 908 2004 950 d'Ardschir,
2021 909 2079 951 qui
2095 909 2184 943 avait

1221 955 1365 988 Artaban
1384 956 1417 988 61
1436 955 1544 988 s'etait
1566 955 1698 996 empare
1714 955 1756 988 de
1776 965 1812 988 sa
1827 965 2004 990 couronne.
2017 956 2214 998 Chosroes„
2229 959 2231 963 '

1221 1002 1428 1040 d’Armenie‚
1447 1002 1506 1043 qui
1533 1002 1697 1035 soutenait
1726 1003 1889 1044 Artaban,
1911 1003 1960 1036 vit
1978 1012 2059 1037 avec
2085 1002 2234 1047 chagrin

1222 1049 1383 1082 defection
1399 1049 1441 1082 de
1452 1058 1505 1082 ses
1520 1051 1666 1090 11316315,
1681 1049 1762 1082 dont
1776 1059 1821 1082 un
1832 1051 1924 1090 5631,
1940 1050 1972 1083 16
1986 1050 2215 1092 representant

1221 1097 1252 1129 13
1268 1097 1395 1129 11131503
1411 1096 1453 1128 (16
1470 1098 1598 1136 631611,
1610 1096 1658 1129 lui
1673 1097 1753 1129 61311
1767 1097 1856 1130 reste
1871 1097 1968 1131 fidele
1983 1097 2100 1141 (Mo'ise
2118 1097 2160 1132 de
2190 1102 2242 1135 3.,

1223 1143 1317 1182 rene,
1337 1143 1393 1175 liv,
1414 1145 1460 1183 ΙΙ,
1474 1143 1527 1175 ch.
1559 1143 1626 1185 72).
1645 1157 1661 1172 «
1678 1143 1868 1184 Α1ᾶ3561111,
1888 1145 1997 1186 3101116
2013 1144 2222 1188 1’11151(11·1611“,1
2236 1145 2245 1152 ⁴

1221 1199 1342 1231 vengea
1361 1190 1402 1222 de
1426 1191 1457 1222 13
1487 1199 1562 1223 1366
1581 1191 1623 1223 (16
1643 1191 1890 1224 Garen-Pahlav
1923 1201 1964 1224 en
1991 1193 2088 1225 tuant
2113 1194 2190 1226 tous

1223 1236 1375 1269 hommes
1394 1239 1426 1270 et
1443 1238 1492 1270 165
1511 1237 1730 1271 descendants
1749 1239 1852 1272 males
1866 1239 1908 1272 de
1923 1240 2011 1272 cette
2030 1248 2121 1280 race,
2138 1235 2242 1276 saus

1223 1284 1336 1316 enfant
1365 1285 1422 1326 qui
1452 1285 1598 1327 echappa
1617 1285 1637 1318 a
1660 1295 1696 1318 ce
1714 1294 1898 1326 massacre,
1916 1288 1951 1319 et
1976 1286 2028 1319 fut
2054 1287 2085 1319 16
2109 1287 2188 1320 chef
2216 1303 2231 1315 u

1222 1331 1412 1363 Gamsarian
1427 1331 1494 1373 (liv.
1506 1333 1548 1371 11,
1562 1332 1614 1364 eh.
1627 1332 1692 1372 73).
1707 1333 1834 1365 »-Cs.
1855 1333 1944 1366 aussi
1962 1333 2151 1372 Patcanian,
2162 1335 2196 1368 Ε
2208 1349 2241 1357 v

1222 1378 1325 1411 d’une
1341 1378 1420 1411 hist.
1449 1379 1507 1411 des
1529 1380 1819 1422 Sassam'des‚pg.
1843 1383 1879 1413 18
1899 1382 1933 1413 et
1951 1379 2052 1421 suiw,
2069 1383 2107 1413 41
2129 1381 2164 1414 61
2187 1385 2245 1422 αῖ

1229 1425 1269 1457 (16
1285 1426 1317 1457 13
1333 1425 1418 1459 trad.
1441 1425 1543 1466 franc.

1225 1533 1358 1565 gregare
1380 1524 1559 1557 exercitum
1571 1550 1579 1566 ,
1599 1526 1633 1558 et
1651 1535 1838 1559 *convocare
1858 1525 1986 1568 agmina
2004 1526 2207 1561 Albanorum
2240 1528 2248 1555 ῖ

1227 1593 1396 1627 lberorum
1428 1608 1435 1627 ε
1453 1595 1639 1636 apertisque
1657 1595 1810 1628 claustris
1832 1596 2031 1636 Alanoi-um,
2052 1598 2086 1630 et
2107 1596 2180 1638 ejus
2197 1610 2206 1632 ,ι
2224 1610 2249 1622 ·ν

1225 1664 1347 1696 dicitur
1372 1665 1469 1697 Zuari
1494 1664 1678 1706 (Chazari?)
1691 1665 1815 1706 turris,
1832 1667 2093 1708 Hunnorumque
2117 1666 2197 1699 emit
2220 1680 2235 1714 J

1225 1735 1353 1777 agmina
1363 1761 1371 1776 ‚
1385 1736 1424 1768 ut
1432 1737 1543 1777 partes
1555 1734 1748 1768 invaderent
1760 1735 1904 1769 Persidis
1914 1761 1922 1776 ,
1937 1737 2158 1778 caperentque
2170 1736 2226 1771 eti

1224 1807 1350 1839 tractus
1373 1806 1515 1847 Assyriae
1538 1815 1645 1847 usque
1672 1805 1715 1839 ad
1741 1807 1854 1848 portas
1873 1806 1979 1839 dictas
2002 1807 2157 1849 caspias,
2193 1820 2197 1835 ι
2230 1830 2245 1835 .-

1226 1876 1449 1918 darenturque
1466 1878 1500 1910 et
1524 1877 1778 1910 exterminarent
1797 1878 2089 1920 transponerentve
2117 1877 2257 1923 civitarj

1227 1948 1260 1979 et
1279 1947 1397 1988 oppida
1418 1946 1506 1980 felici
1532 1946 1642 1988 Quiete
1661 1933 1820 1980 florentia.
1842 1947 2001 1980 studebat
2019 1933 2109 1980 ¹enim
2127 1948 2160 1980 et
2213 1960 2230 1995 1v
2249 1942 2252 1944 ’

1227 2017 1320 2050 tabat
1337 2018 1443 2059 legem
1455 2017 1687 2050 dominationis
1699 2018 1876 2050 Persarum
1890 2017 1924 2049 in
1935 2019 2133 2059 perpetuum
2143 2017 2201 2050 toll
2210 2030 2223 2045 ιε
2241 2015 2245 2062 f

1226 2089 1264 2120 ut
1278 2087 1457 2121 vindictam
1470 2088 1602 2129 caperet
1613 2086 1655 2120 de
1668 2087 1762 2128 lapsu
1775 2086 1910 2119 dominii
1921 2086 2031 2119 fratris
2045 2068 2215 2129 suirMagn
2225 2110 2254 2134 -ſtr

1226 2161 1336 2192 autem
1374 2159 1488 2191 fovens
1524 2159 1623 2198 iram,
1655 2157 1937 2198 immoderatoque
1970 2166 2150 2191 succensus
2181 2165 2220 2191 ze

1227 2230 1352 2262 excelsa
1377 2229 1486 2262 animo
1502 2229 1675 2269 volvebat,
1693 2228 1797 2260 fretus
1812 2228 1977 2260 exercitus
1996 2227 2051 2260 sui
2062 2215 2247 2261 multitu···''

1226 2302 1260 2332 et
1280 2299 1540 2332 commilitonum
1569 2298 1705 2330 virtute.
1734 2299 1826 2329 Tunc
1852 2296 1952 2338 igitur
1977 2295 2136 2329 velociter
2159 2305 2226 2328 οιιι

1225 2370 1323 2402 simul
1348 2369 1381 2401 in
1401 2368 1556 2401 auxilium
1580 2368 1741 2400 venerunt
1767 2375 1845 2399 cum
1862 2366 2034 2399 innumera
2061 2365 2220 2399 multitu·
2238 2346 2252 2393 ι’

1225 2441 1257 2472 61
1275 2439 1424 2480 equitatu
1447 2438 1624 2471 fortissimo
1649 2436 1824 2477 validoque
1855 2437 2031 2477 apparatu,
2061 2435 2196 2476 Albani,

1224 2511 1368 2552 phinnfi,
1399 2509 1540 2550 Silvani,
1567 2508 1727 2550 caspitae5
1745 2507 1865 2548 aliique
1886 2515 1927 2539 ex
1957 2506 2021 2539 illis
2039 2505 2208 2548 partibus,
2234 2486 2238 2491 Ι

1224 2579 1404 2612 vindictam
1418 2579 1459 2612 de
1475 2578 1631 2620 sanguine
1650 2577 1824 2610 Artabanis
1846 2576 2116 2618 requirerent.'1n
2130 2584 2175 2608 m
2227 2588 2242 2603 ιι

1225 2649 1313 2682 enim
1332 2651 1402 2682 erat
1417 2649 1552 2682 tristitia
1569 2650 1700 2691 propter
1715 2647 1898 2680 naturalem
1910 2645 2010 2678 occisi
2022 2642 2237 2678 113161111131ιι

1226 2722 1258 2754 61
1273 2722 1405 2763 propter
1432 2720 1688 2762 consanguineos
1708 2717 1908 2751 unanimiter
1937 2717 2103 2759 subjectos
2122 2724 2220 2758 super
2230 2723 2245 2766 ι

1225 2791 1412 2830 Stachritis‚
1439 2792 1473 2823 et
1491 2790 1655 2829 maxime,
1675 2789 1752 2830 quia
1782 2787 1881 2821 etiam
1902 2786 2027 2828 legatos
2053 2785 2191 2819 miserat
2256 2826 2258 2831 Ι

1225 2871 1313 2903 5310,
1327 2864 1367 2895 ut
1381 2861 1611 2903 consanguinei
1625 2859 1791 2902 suppetias
1802 2858 1970 2898 venirent,
1984 2857 2175 2890 resistentes
2202 2870 2206 2885 ι
2223 2870 2225 2882 =
2240 2847 2254 2910 γ’

1224 2943 1328 2975 nuper
1356 2934 1515 2976 imperio,
1541 2941 1738 2973 manumque
1764 2930 1948 2973 praeberent
1971 2928 2213 2962 auxiliatricem
2235 2950 2237 2955 ι

1225 3003 1348 3036 bellum
1375 3003 1472 3036 simul
1501 3002 1691 3044 gerendum.
1734 2981 1888 3033 Attamen
1921 2997 2176 3040 consanguinei,
2216 3011 2259 3049 ιι,

1225 3074 1372 3107 1111133111
1398 3074 1569 3115 principes,
1588 3074 1728 3113 satrapae
1752 3072 1786 3103 et
1804 3070 1906 3102 duces
1927 3070 2019 3102 erant
2050 3068 2173 3101 Partho
2200 3081 2205 3093 ι
2224 3083 2238 3095 ιι

1226 3155 1291 3178 non
1311 3145 1588 3186 obtemperarunt.
1605 3145 1688 3192 Nam
1703 3142 1922 3183 obsequentes
1939 3139 2042 3182 magis
2060 3138 2258 3180 361111165κῐ·

1226 3218 1341 3258 tesque
1354 3218 1386 3249 et
1399 3216 1536 3259 subjecti
1551 3217 1644 3249 erant
1655 3223 1698 3247 ex
1709 3213 1825 3247 eadem
1836 3213 1931 3254 gente
1943 3209 2156 3244 dominationi
2167 3218 2222 3251 qu

1227 3287 1431 3320 fraternitati.

1269 3357 1288 3398 §
1310 3360 1358 3389 11.
1378 3340 1612 3389 Verumtamen
1626 3356 1767 3408 Qsaro,
1780 3354 1910 3395 sumpta
1930 3359 2042 3385 secum
2055 3349 2203 3382 multitu·
2213 3346 2253 3398 ’g
