2294 3620
108 188 181 228 120

106 286 192 324 que,
203 272 286 317 151,st
297 282 335 307 50
350 266 513 316 reposait
523 264 613 301 dans
625 263 659 297 13
665 260 678 308 j
686 260 757 303 oie,
765 259 790 294 il
801 257 852 293 lui
864 256 972 292 vinta
982 256 1123 304 l'esprit

106 333 260 370 delever
284 329 349 365 des
359 334 510 375 troupes
535 325 626 359 'avec
653 317 844 366 lesquelles
863 316 889 350 11
907 315 1048 350 resolut
1074 314 1123 350 de

104 388 343 440 parcouriret
356 385 402 421 de
417 393 569 431 ravager
599 379 646 415 de
669 386 842 412 nouveau
859 374 911 409 les
929 373 1122 409 domaines

107 449 170 486 des
185 449 320 484 Perses.
342 446 394 480 Le
412 441 566 483 Par-the,
583 443 693 486 ayant
711 434 836 483 appris
856 439 953 467 cette
971 431 1123 467 resolu-

109 508 208 550 tion,
224 517 261 542 se
280 503 428 539 souvint
446 500 492 536 de
510 499 774 546 l'engagement
803 490 894 539 qu'il
913 490 1013 526 avait
1031 501 1122 555 0011-

110 564 226 600 tracte
242 573 368 600 envers
383 561 417 596 le
430 558 487 594 roi
507 557 570 592 des
585 556 727 596 Perses,
743 557 778 587 et
799 562 836 586 se
853 549 1007 597 rappela
1026 559 1123 583 aussi

109 624 162 659 les
179 631 382 671 promesses
411 614 501 665 qu'il
533 614 585 649 lui
608 612 704 648 avait
729 610 845 646 faites.
875 605 1006 655 Aussi,
1028 606 1124 642 desi-

110 687 193 717 rant
221 688 419 714 recouvrer
440 686 507 710 son
524 682 663 722 propre
687 680 776 718 pays
800 666 933 715 appele
958 663 1119 730 Pahlav3

114 735 247 788 [§15.]
270 737 297 771 il
325 733 459 770 medita
487 744 538 767 un
561 728 683 778 projet
709 725 890 762 criminel.
910 724 1037 771 Ayant
1052 734 1129 771 pris

112 799 133 834 a
146 796 274 833 l'ecart
299 794 333 829 le
358 793 416 828 roi
437 798 473 827 et
497 802 565 826 son
579 798 716 837 propre
733 785 843 828 frere,
867 795 1012 819 comme
1030 794 1130 837 pour

112 855 204 891 faire
234 863 306 888 une
341 847 561 898 promenade
594 852 631 881 et
674 841 907 879 s'entretenir
945 839 1131 875 d’affaires

112 910 287 958 secretes,
324 909 367 943 ils
393 919 430 942 se
464 905 647 941 munirent
690 901 836 949 d'epees
876 898 1129 935 tranchantes.

114 970 212 1006 Tout
230 967 251 1003 a
272 978 369 1013 coup
391 965 434 1000 ils
464 962 616 998 tirerent
634 961 731 996 leurs
756 970 875 994 armes
895 964 932 994 et
950 969 998 993 en
1022 956 1131 1004 frap—

114 1026 244 1076 perent
257 1025 290 1060 le
303 1024 359 1059 roi
377 1019 442 1071 (1).
458 1019 622 1057 Aussitot
635 1019 671 1054 la
686 1017 858 1053 nouvelle
885 1016 932 1052 de
945 1022 1005 1051 cet
1019 1027 1133 1051 assas-

115 1085 208 1120 sinat
223 1095 259 1119 se
272 1080 443 1130 repandit
451 1084 625 1127 partout3
641 1077 676 1111 13
689 1075 788 1111 foule
819 1081 856 1110 et
873 1075 925 1109 les
955 1073 1134 1109 lamenta-

118 1143 212 1179 tions
229 1140 378 1177 allerent
396 1150 442 1174 en
460 1136 694 1186 grossissant3
722 1134 816 1169 mais
835 1133 886 1169 les
899 1132 1112 1168 meurtriers
1124 1159 1133 1177 ,

157 1246 200 1287 (1)
217 1244 267 1276 Cf.
282 1244 380 1274 Moise
397 1241 437 1273 de
455 1240 621 1279 Khorene,
637 1238 694 1271 liv.
711 1239 743 1269 11
754 1263 762 1276 ,
780 1237 831 1268 ch.
848 1239 898 1268 74.
916 1253 955 1259 —
967 1234 1074 1267 zenob
1091 1234 1132 1267 de

118 1292 205 1333 Glag‚
221 1300 254 1332 p.
270 1294 308 1322 20
325 1291 356 1321 et
373 1288 457 1320 suiv.
475 1286 519 1319 du
534 1288 625 1319 texte
639 1287 672 1317 et
685 1294 717 1325 p.
735 1286 830 1316 26-27
845 1284 885 1315 de
901 1283 933 1314 la
948 1282 1031 1315 trad.
1050 1283 1089 1314 fr.

154 1342 197 1378 (2)
225 1338 316 1369 Cetle
337 1335 433 1374 ville,
457 1333 560 1366 situee
578 1342 621 1365 au
639 1332 802 1364 confluent
823 1331 863 1362 de
887 1330 1015 1362 l'Araxe
1033 1332 1067 1362 et
1089 1329 1134 1382 du

116 1385 306 1423 Medzamor,
318 1383 367 1414 fut
373 1381 514 1423 pendant
522 1381 701 1421 longtemps
710 1378 742 1410 la
750 1377 886 1419 capitale
896 1376 937 1409 de
947 1376 1132 1408 l’Armeme.

116 1434 177 1465 Les
193 1433 292 1463 Grecs
307 1430 337 1461 13
351 1427 548 1460 nommaient
562 1426 724 1468 Ἀρτάξατα
741 1434 784 1456 03
803 1427 832 1456 Ἀ
839 1423 1026 1465 ρταξιάσατα
1042 1425 1137 1462 (Stra-

117 1479 179 1511 bon
190 1504 198 1517 ,
212 1477 266 1510 liv.
281 1478 343 1515 Xl,
359 1476 409 1507 011.
427 1477 474 1507 14.
488 1494 528 1501 -
540 1472 704 1505 Ptolemee
716 1497 724 1511 ,
740 1470 940 1512 Geoqr.,liv.
958 1472 999 1510 V,
1013 1470 1065 1502 ch.
1090 1473 1136 1504 13.

116 1543 156 1549 —
166 1523 297 1557 Eticnne
309 1523 350 1555 de
365 1522 452 1563 Byz.,
471 1521 514 1553 de
532 1520 657 1558 Urbib„
675 1519 739 1551 hoc
753 1518 878 1558 verbo).
894 1517 988 1550 Selon
1001 1517 1139 1550 strabon

121 1570 152 1598 et
167 1568 336 1606 l’lntarque
353 1568 424 1605 (1ἰέ
440 1565 482 1596 de
499 1565 677 1605 Lucullus)
692 1566 752 1596 elle
765 1566 813 1596 sut
830 1563 943 1596 sondee
957 1563 1084 1604 d’apres
1096 1563 1143 1594 les

979 164 1328 207 AGATHANGEn

1162 1258 1170 1270 ,
1202 1235 1327 1267 ensuite
1340 1234 1388 1267 roi
1397 1235 1592 1270 d’Armenie.
1603 1236 1759 1278 Tiridate,
1769 1237 1828 1279 qui
1837 1237 1869 1271 13
1881 1237 2001 1272 rehatit
2013 1239 2110 1281 apres
2121 1238 2241 1281 qn'elle

122 1613 191 1646 avis
203 1612 370 1644 d'Annibal
381 1637 389 1651 ‚
404 1620 462 1653 par
478 1611 642 1652 Artaxias,
652 1611 785 1644 d'abord
797 1619 1012 1653 gouverneur,
1023 1612 1057 1643 et
1069 1610 1144 1651 puis
1172 1611 1178 1645 l

134 1675 2239 1698 Ἢ..

127 1724 277 1777 πατρίδα
290 1726 371 1763 ἰδεῖν
389 1723 559 1771 ἐπεπόθει,
575 1722 634 1761 καὶ
649 1725 716 1761 τῶν
733 1722 952 1774 ὑποσχέσεων
969 1725 1141 1776 ἐπιτυχεῖν

126 1784 315 1832 ἐπίστευεν,
328 1784 373 1826 ὡς
392 1782 527 1832 μέλλων
547 1785 606 1827 τῆς
631 1783 698 1819 τῶν
725 1781 875 1834 Πάρθων
891 1781 1042 1826 ἐξουσίας
1064 1785 1139 1821 ἐπι-

128 1842 279 1894 κρατεῖν,
295 1840 355 1881 καὶ
378 1840 439 1887 τὴν
460 1840 667 1892 προγονικὴν
684 1841 788 1889 τιμὴν
805 1841 1007 1881 ἀναλαὸεῖν.

181 1900 203 1949 5
226 1899 285 1936 15.
308 1898 441 1944 Βουλὴν
460 1892 517 1936 οὖν
545 1899 695 1950 πονηρὰν
718 1898 950 1951 σκεψάμενος,
970 1899 1142 1950 λαμὸάνει

128 1956 186 1994 τὸν
211 1956 352 2008 βασιλέα
373 1956 471 2000 αὐτός
491 1965 529 1994 τε
551 1957 610 1996 καὶ
630 1959 647 1995 ὁ
667 1956 748 2000 ἴδιος
768 1958 870 1995 αὐτοῦ
890 1958 1033 2010 ἀδελφὸς
1053 1958 1142 1996 ἰδιά-

129 2018 256 2063 ζοντες,
288 2016 334 2060 ὡς
365 2015 651 2068 προφασιζόμενοι
687 2015 805 2069 σκέψιν
846 2016 922 2054 τινὰ
959 2017 1143 2054 ἀναθέσθαι

132 2075 249 2126 αὐτῷ,
269 2073 329 2116 τὰς
348 2073 382 2112 δὲ
404 2075 572 2127 ῥομφαίας
601 2076 727 2122 αὐτῶν,
747 2075 973 2126 ὁλοστόμους,
995 2076 1144 2127 παρελυ-

130 2131 267 2175 σθέντας
293 2131 453 2183 ἐκράτουν
483 2132 641 2185 κρυφίως.
660 2133 794 2172 Αὐτίκα
821 2133 855 2171 δὲ
877 2134 1144 2189 ἀπροσδοκήτως

130 2189 189 2234 τὰς
203 2189 337 2233 σπάθας
352 2190 623 2240 ἀνασπάσαντες,
642 2191 814 2237 ἐπάταξαν
830 2193 887 2230 τὸν
907 2192 1067 2244 βασιλέα,
1083 2192 1143 2231 καὶ

129 2250 175 2291 εἷς
185 2247 246 2295 τὴν
257 2251 320 2298 γῆν
331 2248 554 2301 κατέῤῥαξαν.
563 2249 667 2292 Γνοὺς
679 2249 715 2287 δέ
726 2266 776 2293 τις
789 2250 911 2294 εὐθέως
919 2251 956 2288 τὸ
967 2250 1143 2302 γινόμενον

129 2312 297 2359 πρᾶγμα,
320 2306 496 2358 ἐξέκραγεν
524 2309 704 2360 ὄλολυγμῷ
726 2309 890 2361 μεγάλῳ,
918 2310 976 2347 καὶ
1001 2313 1047 2353 ὡς
1078 2303 1145 2348 ὧδε

129 2365 187 2402 καὶ
204 2359 269 2403 ὧδε
290 2365 403 2412 αὐτοὶ,
418 2366 596 2410 ἐπιὸάντες
621 2370 689 2410 τοῖς
714 2366 809 2410 ἰδίοις
836 2368 974 2414 ἵπποις,
999 2369 1146 2421 φυγάδες

131 2424 301 2474 ἐγένοντο,
323 2423 382 2462 καὶ
411 2427 510 2462 τοῦτο
532 2425 694 2475 μαθόντες
716 2428 746 2464 οἳ
767 2426 943 2478 σατράπαι
975 2430 1042 2465 τῶν
1070 2427 1146 2479 Ἀρ-

132 2482 270 2530 μενίων,
298 2482 524 2535 νουμέραρχοι
557 2484 783 2537 διεμερίζοντο
808 2486 920 2523 ὀπίσω
944 2487 1055 2524 αὐτῶν
1078 2502 1146 2523 κα-

132 2540 351 2584 ταδιώκοντες
365 2573 374 2589 ,
391 2541 450 2580 καὶ
470 2542 722 2595 προδραμόντες
741 2543 826 2587 τινὲς
845 2545 1147 2596 προκατελάὸοντο

136 2597 195 2644 τὴν
217 2599 403 2649 διαὸάθραν
434 2600 489 2638 ἐπὶ
518 2601 642 2645 πύλαις
662 2601 872 2654 Ἀρταξάτης
890 2602 1037 2648 πόλεως.
1101 2605 1147 2643 ‘O

136 2655 200 2708 γὰρ
216 2658 366 2707 ποταμὸς
380 2658 540 2711 Ἐρασὰχ
554 2661 772 2713 πλημμύρων
789 2660 892 2714 μέχρι
908 2665 967 2709 τῆς
982 2664 1148 2715 κρηπῖδος

136 2713 247 2766 ἔῤῥεεν
267 2717 305 2753 ἐκ
322 2719 381 2762 τ’ῆς
400 2717 554 2764 λυθείσης
571 2719 682 2770 χιόνος
701 2719 762 2757 σὺν
782 2722 831 2771 τῷ
851 2720 1076 2772 κρυστάλλῳ,
1097 2723 1148 2758 οἱ·

138 2773 259 2810 δαίνων
279 2774 336 2810 καὶ
356 2775 553 2820 ἀναὸλύζων
574 2778 608 2814 ἐν
629 2783 704 2820 ταῖς
723 2777 868 2830 ἡμέραις
887 2776 933 2816 ὢν
955 2782 1017 2826 τῆς
1044 2781 1148 2817 αὐτοῦ

138 2831 388 2875 ἄναθολώσεως.
426 2831 542 2872 Ἄλλοι
579 2835 614 2872 δὲ
646 2836 858 2887 περάσαντες
897 2837 958 2884 τὴν
998 2837 1148 2890 γέφυραν

138 2890 430 2941 Οὖαλεροκτίστης
457 2895 516 2938 τ’ῆς
543 2893 694 2943 πόλεως,
713 2895 772 2932 καὶ
791 2894 852 2941 τὴν
875 2894 1064 2948 διαὸάθραν
1088 2900 1149 2934 τοῦ

138 2947 320 2997 λεγομένου
338 2953 494 3000 ποταμοῦ
525 2951 679 3000 Μάθεος,
699 2953 908 3005 συνέδραμον
938 2955 1149 2994 καταλαὸεῒν

143 3003 200 3047 τὰς
226 3005 397 3049 διαδάσεις
422 3011 480 3054 τ’ἧς
513 3010 738 3062 προκειμένης
767 3011 899 3055 πόλεως
917 3012 1148 3064 Ἀρταξάτης,

143 3061 201 3098 καὶ
222 3063 253 3099 ἐν
273 3065 339 3106 τοῖς
358 3071 484 3109 στενοῖς
503 3067 819 3118 περικυκλώσαντες
840 3069 917 3115 τοὺς
937 3072 1090 3123 φυγάδας
1115 3072 1149 3108 ἐν

149 3118 240 3171 μέσῳ
260 3123 323 3158 τῶν
350 3127 502 3176 γεφυρῶν
530 3125 619 3163 ἔνθεν
646 3127 704 3165 καὶ
730 3127 834 3176 ἔνθεν,
850 3129 1152 3182 ποταμοίρυχίους

147 3177 381 3222 πεποιήκασιν.
401 3182 503 3219 Αὐτοὶ
519 3183 554 3221 δὲ
565 3213 574 3230 ,
590 3185 859 3238 ἀναστρέψαντες
872 3182 1075 3238 ὃλολυγμοῗς
1094 3188 1153 3226 καὶ

148 3241 308 3284 κραυγαῖς
322 3237 378 3274 καὶ
390 3240 546 3283 ἐλεειναῖς
560 3248 685 3293 φωναῖς
700 3243 758 3281 σὺν
773 3244 866 3296 πάσῃ
880 3250 921 3298 τῇ
933 3246 1032 3298 χώρα
1047 3262 1153 3285 συνα-

149 3291 283 3342 χθέντες
297 3323 305 3338 ,
323 3294 377 3331 τὸν
397 3297 537 3345 βασιλέα
555 3299 723 3350 ἐθρήνουν.
737 3300 820 3340 Ἔτι
835 3304 868 3340 δὲ
887 3305 1012 3356 μικρὰν
1030 3306 1156 3349 ἐκεῖνος

152 3348 277 3401 θέρμην
307 3352 369 3388 ὑπὸ
407 3354 447 3389 τα
485 3355 605 3408 στέρνα
642 3359 829 3408 ἀναπνέων,
864 3365 924 3407 τ’ῆς
962 3363 1156 3407 τελευταίας

1196 254 1332 291 durant
1346 263 1389 288 ce
1402 258 1544 301 temps,
1561 253 1664 288 etant
1679 253 1827 289 montes
1841 265 1906 290 sur
1927 253 2028 290 leurs
2045 253 2213 293 chevaux
2228 248 2230 251 ’

1194 311 1340 360 prirent
1359 310 1395 344 la
1427 309 1533 349 suite,
1565 312 1636 346 Les
1654 317 1823 358 satrapes
1855 310 1904 347 de
1932 311 2085 361 l'armee
2106 310 2238 350 3111ίέ

1194 370 1349 413 nienne,
1379 375 1491 415 ayant
1527 369 1655 418 appris
1684 370 1767 405 leur
1786 369 1898 416 suite,
1934 382 1971 407 se
1994 370 2213 420 partagerwsj
2237 400 2239 407 .

1195 440 1243 464 011
1262 426 1476 463 differentes
1493 433 1647 475 troupes
1661 433 1698 463 et
1714 427 1766 463 les
1775 423 2070 478 poursnivirent.
2081 430 2154 466 Les
2164 442 2228 466 11»

1196 491 1403 522 cour-urent
1439 496 1487 519 au
1517 491 1612 532 pont
1641 484 1763 521 meme
1790 486 1857 534 qui
1887 486 1997 523 mene
2031 486 2053 523 a
2076 487 2112 524 la
2145 486 2236 524 vill·

1197 542 1451 580 d'Ardaschad
1491 539 1547 593 (2)
1567 569 1578 588 ,
1611 555 1725 591 parce
1765 556 1840 592 que
1882 545 1918 581 le
1943 543 2067 582 flenve
2111 538 2245 584 Arax'v

1199 602 1287 638 etait
1319 598 1445 650 gonfle
1477 600 1654 649 jusqu'au
1676 601 1779 638 bord
1811 602 1859 639 de
1896 615 1953 639 ses
1972 604 2090 650 rives,
2109 611 2149 641 et
2179 617 2210 642 s

1199 671 1293 698 eaux
1309 660 1448 696 etaient
1464 661 1656 697 troublees
1671 668 1708 697 et
1725 663 1884 710 grossies
1900 674 1971 711 par
1988 663 2026 699 13
2045 663 2150 703 fonte
2171 657 2247 700 (1ιέ
2268 699 2270 701 ,

1199 720 1325 768 neiges
1345 725 1382 754 et
1402 718 1467 754 des
1486 719 1619 767 glaces.
1643 719 1712 756 Les
1729 727 1875 766 autres,
1895 712 2008 769 ayant
2024 721 2240 774 franchise

1200 785 1297 827 pont
1312 777 1409 813 dela
1424 777 1512 814 ville
1532 778 1580 814 de
1611 777 1940 828 Vagharschabad,
1973 781 2107 830 appele
2141 782 2247 830 pont

1204 837 1252 873 de
1279 836 1497 872 Medzamor
1514 834 1593 887 (3),
1618 846 1828 874 cour-urent
1855 840 1952 876 aussi
1975 839 1997 875 a
2016 833 2240 876 l'extre'inite

1205 896 1257 933 du
1274 902 1370 944 pont
1390 893 1665 946 d'Ardaschad,
1686 904 1744 942 et,
1763 905 1878 945 ayant
1890 899 2006 948 ‘cerne
2026 899 2078 935 les
2095 893 2248 948 sugitifs

1206 955 1297 991 dans
1305 967 1359 990 un
1366 955 1480 990 etroit
1492 967 1662 1004 passage,
1675 956 1720 992 ils
1734 956 1786 992 les
1795 957 2068 1006 precipiterent
2080 957 2132 995 du
2143 965 2244 1007 pont·

1207 1013 1256 1050 de'
1269 1013 1422 1061 Dapher
1438 1010 1487 1064 (4)
1505 1014 1597 1050 (13115
1616 1015 1650 1050 10
1669 1012 1806 1051 fleuve.
1829 1016 1981 1052 En'suite
2006 1012 2066 1052 ilsv
2081 1016 2160 1053 s'en
2177 1012 2255 1055 re-

1207 1072 1500 1108 tournerent.en
1527 1080 1708 1121 poussant
1730 1073 1794 1110 des
1825 1075 1898 1111 cris
1931 1074 1979 1111 de
2005 1074 2183 1123 dualem,
2202 1082 2249 1114 et'

1209 1138 1292 1167 tout
1310 1131 1344 1167 le
1361 1142 1454 1180 pays
1472 1130 1520 1168 de
1537 1139 1691 1168 concert
1708 1133 1873 1181 pleurait
1887 1145 1957 1169 son
1969 1133 2044 1173 roi.
2061 1133 2255 1182 001111-01,’

1202 1284 1260 1315 eut
1275 1282 1327 1314 ete
1340 1283 1452 1315 ruinee
1467 1293 1526 1324 par
1538 1284 1706 1317 Corbulon
1715 1309 1724 1324 ‚
1739 1284 1787 1317 lui
1799 1284 1950 1319 (10311310
1965 1285 2043 1319 nom
2055 1285 2098 1319 de
2109 1285 2250 1330 Pompe--

1204 1338 1280 1362 reur
1299 1330 1406 1362 Neron
1428 1331 1486 1371 qui
1502 1331 1548 1363 lui
1563 1331 1651 1364 avait
1667 1331 1771 1364 rendu
1790 1341 1843 1365 ses
1859 1328 1952 1366 Etats
1969 1333 2067 1372 (Dion
2090 1333 2262 1373 Cassius‚÷

1205 1376 1262 1409 liv.
1281 1380 1333 1416 63,
1357 1377 1456 1419 apud
1480 1378 1629 1420 Xiphil.).
1647 1380 1743 1412 Cette
1758 1379 1834 1413 ville
1847 1380 1931 1414 n'est
1946 1381 2021 1422 plus
2036 1381 2246 1423 aujourd’hui

1206 1423 1307 1465 qu'un
1324 1433 1484 1457 monceau
1501 1425 1543 1458 de
1563 1427 1685 1459 ruines.

1251 1470 1295 1512 (3)
1312 1472 1510 1513 Medzamor,
1521 1474 1638 1514 qrand
1646 1475 1795 1513 υκαι-αἱς,
1807 1475 1920 1516 appele
1929 1476 2018 1508 aussi
2030 1474 2262 1517 Azad‚lz·bre‚·=
2292 1474 2294 1490 ³

1208 1517 1289 1550 c'est
1304 1528 1368 1551 une
1385 1520 1505 1552 riviere
1526 1520 1586 1561 qui
1610 1521 1705 1553 coule
1721 1521 1740 1553 3
1752 1521 1870 1554 1ὀ3051
1886 1521 1963 1564 pres
1979 1521 2021 1555 de
2037 1522 2140 1556 Tevin
2153 1523 2188 1556 et
2205 1530 2254 1557 vav
2292 1564 2294 1567 7

1209 1565 1369 1607 rej0indre
1383 1566 1509 1600 l’Araxe
1524 1577 1570 1600 un
1584 1577 1650 1610 peu
1663 1568 1842 1601 au-dessus
1857 1568 1899 1601 de
1911 1570 1998 1602 cette
2013 1569 2102 1603 ville.

1255 1613 1300 1654 (4)
1318 1613 1367 1645 Cf.
1384 1614 1534 1656 Indjidji,
1558 1616 1681 1656 Ge‘oqr.
1701 1618 1892 1657 ancienne,
1906 1625 1940 1658 p.
1955 1618 2030 1649 487.

1213 1725 1427 1760 obtenturum
1446 1737 1481 1761 se
1503 1729 1664 1770 promissa
1684 1724 1748 1762 sibi
1767 1731 1875 1772 facta,
1894 1731 1986 1765 velut
1997 1726 2253 1767 dominationem

1214 1787 1407 1820 Parthorum
1419 1789 1609 1831 adepturus,
1620 1790 1843 1833 honoremque
1856 1793 2102 1835 progenitorum
2116 1802 2266 1834 suorum

1214 1845 1401 1880 habiturus.

1257 1904 1276 1946 §
1298 1909 1345 1938 15.
1366 1906 1480 1948 Igitur,
1498 1917 1600 1950 pravo
1614 1908 1695 1942 inito
1709 1909 1844 1943 consilio
1855 1935 1864 1951 ,
1881 1911 2134 1953 assumpserunt
2145 1891 2263 1955 regem¹

1215 1971 1284 2012 ipse
1312 1972 1446 2014 ejusque
1484 1974 1585 2008 frater
1612 1976 1681 2009 sine
1709 1977 1772 2010 alio
1800 1977 1978 2019 comitatu,
2005 1967 2281 2025 praetexentes,

1216 2037 1380 2078 quandam
1414 2040 1707 2074 considerationem
1735 2051 1770 2075 se
1793 2042 1840 2075 1111
1864 2043 2108 2091 proposituros,
2128 2043 2284 2090 gladio&

1217 2114 1294 2138 vero
1323 2115 1401 2139 suos
1413 2131 1421 2147 ,
1441 2109 1527 2140 totos
1551 2111 1683 2150 acutos,
1702 2109 1871 2142 involutos
1894 2110 2020 2143 occulte
2037 2110 2250 2152 arripiebant.
2270 2139 2273 2154 Ἴ,

1217 2172 1388 2214 Extemplo
1416 2175 1526 2207 autem
1557 2175 1682 2217 gladios
1709 2175 1889 2218 improviso
1924 2177 2120 2218 educentes,
2143 2185 2255 2219 regem

1217 2242 1448 2279 percusserunt
1466 2243 1500 2274 et
1518 2242 1552 2274 in
1567 2243 1691 2275 terram
1710 2242 1908 2284 dejecerunt.
1927 2244 2013 2276 Cum
2033 2251 2111 2276 vero
2128 2243 2252 2291 ljactum
2270 2279 2273 2283 ,

1219 2304 1336 2346 aliquis
1354 2306 1507 2340 continuo
1524 2305 1732 2348 rescivisset,
1746 2307 1942 2341 exclamavit
1955 2316 2073 2350 magno
2090 2317 2165 2341 cum
2184 2307 2256 2340 11111-

1218 2369 1304 2411 1313·,
1321 2373 1355 2404 01
1371 2381 1447 2404 03111
1460 2373 1524 2414 illi,
1545 2374 1689 2407 35003515
1709 2374 1804 2416 equis
1819 2373 1906 2414 5315,
1923 2372 1991 2406 hue
2004 2373 2148 2415 illucque
2165 2367 2256 2415 fuge*-

1219 2437 1311 2476 rent,
1326 2438 1359 2469 et
1372 2437 1433 2470 hoc
1449 2439 1678 2472 Armeniorum
1695 2441 1833 2481 satrapae
1847 2438 2058 2480 didicissent,
2072 2426 2270 2482 0030111311ιῇἸ

1219 2503 1365 2544 praefecti
1389 2504 1620 2538 dividebantur
1638 2506 1681 2538 ad
1699 2515 1756 2539 eos
1771 2505 2033 2548 persequendos,
2055 2505 2089 2538 et
2106 2513 2253 2546 praecure

1220 2570 1329 2600 rentes
1341 2569 1442 2611 aliqui
1454 2572 1766 2613 praeoccupaverunt
1778 2571 1912 2619 pontem
1928 2570 1971 2603 ad
1986 2571 2098 2612 portas
2112 2567 2256 2602 civitatis

1221 2636 1394 2668 Artaxatae.
1424 2638 1505 2670 Nam
1537 2637 1658 2671 ssuvius
1686 2637 1830 2670 Erasach
1859 2635 2046 2677 exundans,
2076 2643 2184 2677 usque
2213 2632 2258 2667 ad

1222 2703 1419 2745 crepidinem
1445 2705 1566 2738 fluebat
1590 2715 1628 2738 ex
1650 2705 1725 2738 nive
1747 2705 1854 2737 soluta
1875 2713 1953 2736 cum
1975 2702 2096 2745 glacie,
2125 2703 2259 2735 tumens

1221 2770 1255 2800 et
1274 2770 1454 2803 scaturiens
1471 2771 1504 2803 in
1521 2771 1637 2804 diebus
1652 2771 1723 2804 limi
1736 2770 1934 2804 ebullientis.
1971 2769 2036 2802 Alii
2051 2777 2129 2802 vero
2145 2769 2255 2801 trans-
2266 2799 2273 2809 „

1222 2836 1338 2867 euntes
1350 2838 1482 2877 pontem
1492 2836 1636 2870 civitatis
1647 2837 1886 2878 Valeroctistae‚
1895 2837 1929 2868 et
1938 2837 2070 2877 pontem
2085 2833 2189 2874 fluvii,
2203 2832 2259 2866 cui

1223 2908 1341 2933 nomen
1367 2903 1534 2943 Matheus,
1555 2905 1794 2936 concurrerunt
1813 2903 1855 2936 ad
1873 2901 2078 2944 occupandos
2095 2892 2257 2934 transitus
2280 2917 2281 2920 ¹

1224 2966 1366 3001 civitatis
1407 2971 1585 3011 Artaxatae,
1615 2971 1836 3013 fugitivosque
1860 2970 1894 3002 in
1920 2969 2069 3002 locorum
2098 2966 2259 3010 angustiis
2278 3006 2287 3010 ..

1224 3035 1465 3069 circumdantes
1482 3036 1516 3068 in
1533 3037 1642 3069 medio
1659 3037 1811 3078 pontium
1833 3036 1910 3068 hinc
1932 3036 1967 3068 et
1988 3035 2092 3075 illinc,
2111 3029 2260 3067 feceruut

1225 3103 1263 3135 ut
1285 3102 1570 3144 submergerentur
1598 3103 1631 3136 in
1663 3104 1807 3136 flumine.
1838 3102 1889 3135 Illi
1919 3103 2030 3135 autem
2059 3088 2254 3139 redeuntes,
2277 3110 2284 3116 -’

1225 3168 1404 3201 ululatibus
1429 3171 1462 3202 et
1482 3169 1700 3210 clamoribus,
1721 3170 1922 3210 vocibusque
1948 3166 2160 3207 miserandis,
2179 3173 2256 3199 cum
2276 3180 2279 3181 ⁷

1227 3235 1315 3267 omni
1339 3235 1503 3277 provincia
1530 3236 1734 3279 congregati,
1757 3245 1868 3278 regem
1890 3234 2055 3277 lugebant.
2082 3234 2140 3266 Ille
2159 3231 2256 3272 vero’,
2278 3242 2280 3247 ’

1227 3301 1392 3334 modicum
1416 3302 1522 3335 adhuc
1543 3303 1686 3336 calorem
1710 3303 1743 3335 in
1769 3303 1900 3344 pectore
1930 3301 2074 3343 spirans,
2093 3300 2259 3341 postremo

1230 3368 1420 3401 adveniente
1451 3370 1545 3409 natu,
1573 3369 1729 3411 praecepit
1758 3371 1796 3402 31
1837 3367 1942 3400 01111115
1970 3375 2084 3399 eorum
2111 3364 2260 3407 cognatio
2283 3367 2294 3400 ἰ

2284 3396 2294 3443 ἔ.
