2294 3620
129 190 204 229 118

126 273 306 314 chosroes
333 273 537 311 rassembla
563 283 639 316 une
663 271 789 307 arme'e'
813 267 1093 310 considerable,
1110 266 1145 300 la

124 343 300 383 partagea
313 346 360 370 en
373 334 558 376 cohortes,
570 338 619 374 et,
631 336 740 365 outre
752 341 806 364 ses
815 327 966 374 soldats,
975 327 1001 361 il
1012 337 1057 360 en
1066 325 1147 359 leva

126 393 322 439 beaucoup
342 390 503 427 d'autres
523 396 560 425 et
577 389 625 424 les
644 398 787 434 envoya
805 385 897 421 dans
913 385 964 420 les
980 382 1147 418 contrees

126 449 174 488 de
188 449 364 497 l'Assyrie
379 455 414 484 et
438 447 557 483 meme
576 445 663 482 chez
682 446 733 480 les
749 444 888 481 Arabes
901 440 1066 491 (Dadjik)
1089 435 1142 487 (1)

128 509 194 557 qui
211 507 378 544 s’etaient
397 506 515 542 armes
535 516 634 553 pour
649 503 774 552 preter
786 503 867 537 leur
882 511 1082 537 eoncourS.
1098 498 1146 533 Ils

129 565 361 603 devasterent
380 571 462 599 tout
474 564 508 598 le
519 574 611 610 pays
626 568 662 597 et
676 561 867 596 revinrent
878 559 1140 605 triomphantS.

128 625 166 660 Si
181 623 270 660 bien
293 635 386 670 que,
411 626 606 669 ravageant
626 631 707 655 sans
726 619 870 654 relache
892 616 1057 664 pendant
1081 615 1144 650 dix

128 693 212 727 ans,
226 683 270 717 ils
290 680 480 716 ruinerent
499 685 581 714 tout
599 679 633 713 le
652 689 744 726 pays
766 677 874 724 place'
904 687 989 710 sous
1017 675 1052 709 la
1078 673 1142 708 de-

127 740 320 788 pendance
343 738 394 774 du
410 738 467 773 roi
485 738 547 772 des
566 738 703 772 Perses.
721 735 891 777 Gemi-ci,
908 739 1046 780 voyant
1061 740 1143 767 tous

128 810 188 834 665
206 798 402 840 desastres,
422 808 467 831 en
492 795 548 830 fut
569 794 738 836 36631116,
759 793 888 828 abattu
908 798 944 827 et
964 791 1115 826 trouble
1129 818 1139 835 ‚

127 862 166 892 et
181 856 206 891 il
223 868 270 892 ne
286 855 401 891 savait
419 854 504 901 quel
523 853 621 900 parti
635 850 809 899 prendre.
826 851 858 886 Il
875 849 918 885 fit
935 850 1043 884 venir
1057 848 1142 896 pres

128 913 175 950 de
194 914 246 949 lui
277 921 358 949 tous
384 913 435 947 les
465 911 540 946 rois
571 917 607 946 et
631 910 682 944 les
706 920 979 957 gouverneurs,
1002 908 1055 943 les
1078 919 1142 943 sa-

129 979 249 1020 trapes
265 979 301 1008 et
324 972 376 1006 les
389 970 573 1018 generaux
585 995 595 1010 ‚
614 968 666 1002 les
682 966 781 1002 chefs
798 974 834 1002 et
852 967 904 1002 les
926 967 1074 1014 princes
1095 966 1142 1005 de

126 1042 194 1065 son
229 1040 422 1077 royaume,
454 1038 551 1075 pour
585 1026 680 1061 tenir
716 1025 854 1060 conseil
889 1036 979 1060 avec
1011 1037 1094 1062 eux.
1111 1025 1143 1060 Il

125 1087 176 1123 les
197 1086 347 1133 conjura
368 1093 451 1121 tous
471 1084 519 1120 de
542 1083 731 1119 s'efforcer
754 1082 775 1118 a
795 1089 949 1118 trouver
977 1081 1142 1130 quelque

124 1157 260 1193 moyen
275 1144 320 1180 de
331 1143 488 1179 defense.
500 1142 565 1177 «Si
580 1154 629 1177 on
646 1148 777 1177 trouve
787 1153 838 1175 un
851 1153 1006 1188 moyen,
1017 1140 1141 1177 disait-
1175 1176 1182 1180 ,

163 1259 209 1301 (l)
226 1261 285 1291 Les
309 1258 495 1290 Armeniens
509 1257 651 1290 donnent
666 1258 695 1290 16
712 1266 788 1291 110111
805 1258 846 1290 (16
870 1257 1002 1298 ΠαᾱῙὶΙε
1025 1258 1043 1290 a
1066 1259 1142 1289 tous

121 1309 167 1340 les
188 1306 319 1347 peuples
337 1305 392 1346 qui
408 1305 587 1346 professent
609 1305 641 1337 la
663 1305 796 1346 religion
816 1304 1022 1337 musulmane
1035 1330 1043 1344 ,
1068 1313 1143 1337 sans

120 1352 303 1386 distinction
318 1351 358 1383 de
374 1351 570 1384 nationalite.
588 1351 632 1383 Ici
642 1376 650 1390 ,
666 1351 690 1383 il
702 1352 753 1384 est
771 1351 921 1392 question
933 1351 1008 1392 plus
1023 1351 1143 1393 specia-

120 1400 238 1431 lement
251 1397 309 1430 des
323 1398 442 1430 Arabes
458 1399 513 1439 qui
532 1398 654 1431 etaient
665 1399 787 1430 voisins
800 1398 840 1431 de
854 1399 1017 1439 l'Assyrie.

158 1445 204 1487 (2)
220 1445 340 1476 Pahlav
365 1447 414 1477 est
435 1445 467 1477 la
486 1446 638 1486 province
658 1445 698 1477 de
715 1445 831 1484 Pabla,
852 1445 931 1477 dont
948 1446 978 1478 le
994 1446 1143 1478 chef-lieu

120 1491 237 1534 portait
257 1492 287 1524 16
311 1492 418 1524 meme
440 1500 527 1524 nom.
543 1492 649 1524 Zenob
667 1491 707 1524 (16
726 1492 806 1534 Glag
821 1493 946 1534 appelle
964 1495 1050 1525 cette
1070 1493 1144 1525 ville

119 1639 179 1684 τῆς
206 1632 398 1689 προτέρας,
429 1637 621 1690 ἐπέδραμεν
652 1640 699 1682 εἷς
728 1638 772 1676 τὰ
801 1638 890 1691 μέρη
912 1642 972 1685 τῆς
996 1639 1142 1693 Συρίας.

122 1695 384 1734 Συνεὸάλλοντο
405 1696 439 1734 δὲ
460 1698 554 1750 αὐτῷ
571 1697 630 1736 καὶ
654 1699 689 1735 αἱ
709 1699 775 1735 τῶν
798 1699 1016 1750 Σαρακηνῶν
1035 1714 1141 1751 στρα-

121 1759 208 1791 τεῖαι
241 1754 324 1805 πρὸς
351 1754 570 1806 συμμαχίαν.

89 1847 96 1853 ,
121 1826 233 1863 τερον,
262 1814 295 1849 ἐν
322 1812 453 1864 ἐπαίνῳ
482 1812 693 1865 ὑπέστρεψεν
719 1816 764 1856 εἷς
793 1813 871 1858 τοὺς
904 1816 1007 1853 αὐτοῦ
1037 1815 1140 1861 ἷδίους

123 1870 266 1912 τόπους·
289 1870 348 1908 καὶ
378 1875 495 1909 τοῦτον
526 1871 582 1910 τὸν
603 1872 727 1924 τρόπον
754 1873 872 1926 ἐφεξῆς
892 1875 949 1912 ἐπὶ
969 1873 1053 1912 δέκα
1078 1875 1140 1923 ἔτη

123 1927 185 1975 τὴν
205 1928 486 1979 ὑποτεταγμένην
505 1933 553 1983 τῷ
569 1932 635 1969 τῶν
656 1933 803 1984 Περσῶν
826 1934 960 1984 βασιλεῖ
986 1933 1140 1978 ἐξουσίαν

123 1985 364 2039 κατέστρεψεν.

628 1755 828 1799 Σκυλεύσας
861 1756 896 1793 δὲ
926 1757 985 1794 καὶ
1007 1757 1046 1796 τὸ
1065 1757 1142 1796 δεύ-

437 1990 561 2026 Ταῦτα
592 1984 650 2027 οῧν
691 1990 898 2041 θεασάμενος
929 1992 1066 2031 ἅπαντα
1098 1992 1141 2031 τὰ

122 2044 213 2082 κακὰ
244 2048 261 2083 ὑ
294 2047 361 2083 τῶν
391 2048 533 2099 Περσῶν
574 2048 733 2099 βασιλεὺς
759 2050 990 2102 κατειληφότα
1023 2052 1138 2104 αὐτὸν,

121 2102 289 2154 συνεχύθη
311 2105 439 2157 σφόδρα
457 2105 516 2143 καὶ
533 2107 729 2158 διηπορεῖτο
746 2111 780 2147 ἐν
798 2111 923 2162 ἑαυτῷ.
974 2113 1138 2163 Προσκα-

119 2160 306 2212 λεσοίμενος
325 2163 359 2200 δὲ
386 2164 515 2208 πάντας
535 2165 611 2208 τοὺς
632 2168 783 2216 βασιλεῖς
803 2167 862 2206 καὶ
882 2171 1060 2221 τοπάρχας
1079 2171 1138 2208 καὶ

120 2219 334 2271 στρατηγοὺς
350 2225 410 2268 τῆς
429 2222 516 2266 ἰδίας
532 2225 731 2269 δεσποτείας
759 2227 967 2276 συμὸούλιον
988 2229 1136 2279 λαμὸοί-

117 2292 199 2327 νειν,
236 2280 449 2331 παρακαλῶν
478 2281 610 2325 πάντας
641 2283 736 2321 λύσιν
764 2288 830 2323 τῶν
863 2289 979 2324 κακῶν
1014 2289 1135 2340 εὑρεῖν·

117 2337 315 2387 ὑπισχνεῖτο
351 2338 385 2376 δὲ
416 2339 474 2377 καὶ
511 2341 667 2390 μείζονας
707 2343 835 2395 δωρεὰς
870 2347 919 2397 τῷ
958 2346 1136 2400 δυναμένῳ

116 2393 289 2440 ἐκδίκησιν
311 2396 516 2448 εἰσπρᾶξαι,
536 2401 830 2451 ἐπαγγελλόμενος
858 2404 892 2440 ἐν
916 2406 965 2456 τῷ
985 2406 1133 2460 δευτέρῳ

118 2450 289 2503 ἀξιώματι
314 2457 375 2501 τ’ῆς
406 2456 492 2500 ἰδίας
517 2458 717 2503 δεσποτείας
750 2462 977 2501 κατατάττειν
1015 2464 1133 2517 αὐτὸν,

115 2509 220 2560 λέγων
240 2512 291 2550 ὅτι
311 2514 353 2550 Εἰ
378 2514 436 2552 καὶ
455 2516 545 2554 πάνυ
570 2533 619 2560 τις
638 2520 705 2555 τῶν
735 2521 988 2574 ὑποδεεστέρων
1015 2523 1134 2575 τύχοι,

116 2567 206 2615 πλὴν
226 2574 284 2608 τοῦ
310 2572 392 2620 ἐμοῦ
413 2572 529 2625 θρόνου
556 2575 693 2627 πρώτου
714 2578 897 2631 φανέντος,
918 2583 1002 2633 παρ’
1022 2568 1133 2621 αὐξῶν

115 2623 176 2671 τὴν
198 2625 274 2673 ἴσην
300 2629 372 2677 μετ’
401 2631 460 2678 ἐμὲ
486 2631 595 2684 ἐχέτω
615 2635 736 2684 τιμήν.

168 2684 190 2733 S
212 2686 272 2722 13.
297 2686 387 2724 Τότε
414 2704 464 2731 τις
488 2692 526 2728 ἐκ
549 2690 656 2740 μέσου
682 2697 741 2731 τοῦ
769 2694 943 2747 συνεδρίου
970 2698 1132 2749 ἐπιφανέ-

116 2754 238 2785 στατος
251 2742 415 2795 ἐθνάρχης
429 2749 490 2793 τ’ἥς
506 2750 572 2785 τῶν
587 2751 733 2802 Περσῶν
748 2753 967 2802 δεσποτείας,
983 2749 1010 2807 ᾧ
1025 2756 1133 2805 ὄνομα

116 2794 238 2847 Ἄνακ,
266 2800 304 2837 ἐκ
340 2805 400 2848 τ’ἧς
422 2806 620 2855 συγγενείας
643 2809 814 2862 Κουσάρω
845 2815 906 2849 τοῦ
937 2813 1131 2863 βασιλέως,

118 2857 266 2901 ἀναστὰς
284 2860 329 2902 εἷς
353 2861 452 2910 μέσον
486 2864 633 2916 παρῄει,
658 2867 716 2905 καὶ
744 2870 782 2906 ἐκ
814 2873 872 2907 τοῦ
895 2870 981 2909 ἰδίου
1008 2887 1131 2923 συγγε-

116 2917 209 2982 γοῧς,
230 2918 274 2960 ὡς
303 2919 395 2969 παρὰ
425 2923 568 2972 ἐχθροῦ,
587 2925 757 2977 ὑπέσχετο
789 2927 964 2975 ἐκδίκησιν
993 2930 1129 2971 λαὸεῖν.

125 2971 316 3022 Αρξᾶμενος
338 2976 372 3013 δὲ
392 2980 408 3014 ὁ
432 2982 499 3016 τῶν
524 2982 667 3033 Περσῶν
701 2985 862 3035 βασιλεὺς
889 2988 1129 3039 διαλέγεσθαι,

119 3030 208 3081 αὐτῷ
225 3033 337 3083 φησίν·
357 3034 440 3074 Ἐάν
465 3053 522 3085 μοι
538 3041 665 3087 ταύτην
681 3042 742 3088 τὴν
759 3043 932 3091 ἐκδίκησιν
952 3047 1133 3099 ὃλοψύχως

120 3087 395 3141 ἐκζητήσῃς,τὴν
425 3096 586 3148 ἀπαρχῆς
610 3103 817 3151 προγονικὴν
850 3106 947 3154 ὑμῶν
976 3093 1130 3151 ἐξουσίαν

120 3145 198 3191 ὑμῖν
217 3148 400 3198 ἀναδώσω,
419 3154 477 3191 καὶ
500 3156 552 3193 σοὶ
577 3158 723 3207 περιθεὶς
738 3161 890 3211 διάδημα
908 3163 1131 3216 ὑπερδοξάσω

121 3200 179 3238 καὶ
208 3205 471 3255 ἐπιφανέστατον
504 3213 563 3251 καὶ
595 3216 811 3260 ἐνδοξότατον
838 3223 904 3258 τῶν
932 3223 966 3259 ἐν
995 3226 1039 3269 τῆ
1062 3222 1130 3274 ἐμῆ

121 3259 278 3311 βασιλείᾳ
297 3266 448 3315 ποιήσω,
466 3270 523 3307 καὶ
543 3272 695 3324 δεύτερός
713 3291 776 3324 μου
795 3279 968 3327 κληθῆση,
1024 3266 1130 3321 ’Ἄποι-

119 3318 243 3367 κριθεὶς
264 3319 297 3356 δὲ
318 3325 335 3358 ὁ
353 3324 486 3377 Πάρθος
502 3326 626 3380 Ἄνακ,
639 3325 744 3370 εἶπεν·
757 3335 809 3374 Τὸ
826 3323 1050 3389 κατάλειμμα
1069 3343 1130 3387 τῆς

120 3375 206 3423 ἐμῆς
223 3380 416 3429 συγγενείας
438 3386 620 3433 εὖποιήσας
650 3391 810 3444 τιμήσῃς.
868 3395 962 3448 Ἐγὼ
980 3397 1046 3450 γὰρ
1068 3400 1128 3437 καὶ

1032 174 1203 216 AGATH
1211 173 1275 212 ΑΝ
1278 172 1357 211 GE.

1224 263 1271 306 il,
1283 261 1321 307 je
1337 271 1430 296 vous
1445 265 1613 307 promets
1627 271 1704 296 une
1719 259 1864 308 grande
1878 261 2144 310 recompense3
2159 264 2262 304 sion

1220 321 1420 364 del-couvre,
1430 317 1583 353 disait-il
1593 330 1744 362 encore,
1757 319 1967 367 quelqu'un
1977 321 2044 369 qui
2055 322 2182 370 puisse
2193 336 2266 370 me

1219 389 1356 426 venger
1375 384 1412 412 et
1443 377 1583 412 calmer
1603 389 1665 413 ma
1690 377 1837 423 colere,
1864 377 1904 424 je
1934 379 1988 415 lui
2018 381 2207 420 donnerai
2222 383 2263 420 l·'

1217 435 1355 472 second
1372 447 1466 483 rang
1486 434 1580 470 dans
1606 447 1698 480 mon
1722 435 1867 484 empire
1902 444 1940 472 et
1971 438 1999 473 11
2028 438 2160 478 n'aura
2186 453 2269 479 au*

1217 495 1341 530 dessus
1353 493 1400 529 de
1410 492 1462 528 1111
1474 506 1547 541 que
1556 494 1591 529 le
1607 493 1733 530 trene.
1746 493 1811 530 S'il
1821 502 1875 531 est
1883 508 1934 531 ou
1946 495 2036 533 d’un
2045 510 2140 548 rang
2155 498 2269 541 elev&

1217 566 1268 589 ou
1284 553 1396 589 d'une
1410 552 1610 588 condition
1625 552 1843 599 inferieure‚
1851 553 1890 602 je
1905 555 1940 591 le
1954 556 2265 607 recompensem&

1216 625 1284 661 par
1298 613 1349 647 les
1364 612 1449 659 plus
1465 611 1603 660 grands
1617 611 1824 650 honneurs.
1847 629 1864 645 »
1996 655 1998 657 ¹
2265 624 2274 668 s

1272 667 1307 722 [ξ
1327 668 1532 720 13.]A10rs
1547 683 1600 706 un
1618 670 1666 706 de
1681 683 1777 707 ceux
1794 673 1860 720 qui
1879 674 2086 712 assistaient
2099 687 2150 712 au
2167 684 2262 717 con-v
2282 700 2283 703 =

1215 731 1300 774 5611,
1318 736 1354 765 61
1379 730 1446 777 qui
1472 730 1563 765 etait
1580 742 1634 765 un
1660 729 1725 766 des
1746 731 1976 780 principaux
1993 746 2207 782 gouverne·
2285 731 2288 734 ⁴

1215 788 1262 823 de
1278 787 1446 836 l’empire
1459 787 1524 823 des
1537 788 1711 835 Parthes,
1730 791 1884 827 nomme
1897 793 2028 842 Anag‚
2042 804 2082 830 56
2099 793 2196 842 leva,
2206 801 2273 843 et,

1215 859 1252 882 se
1287 853 1417 882 tenant
1447 859 1496 883 au
1519 847 1651 884 milieu
1680 847 1729 884 de
1757 849 2005 896 l'assembffie,
2024 852 2053 888 il
2070 854 2218 902 promit
2234 853 2259 893 ὰ

1214 918 1283 941 5011
1314 907 1449 942 maitre
1469 905 1517 942 de
1539 907 1574 942 le
1595 919 1736 955 venger
1754 907 1802 944 dc
1821 921 1863 945 sa
1877 909 2020 947 famille
2038 923 2188 950 comme

1215 977 1270 1000 ses
1290 977 1452 1013 propi-es
1468 966 1650 1004 ennemis.
1666 966 1717 1002 Le
1730 968 1791 1003 roi
1813 981 1852 1005 se
1869 976 2008 1006 tourna
2032 982 2116 1008 vers
2143 971 2202 1013 lui
2228 988 2232 993 ·

1213 1024 1266 1058 lui
1291 1023 1345 1060 dit
1363 1035 1372 1061 t
1397 1040 1413 1056 «
1428 1025 1477 1077 ,Si
1496 1031 1538 1060 tu
1558 1032 1594 1061 te
1614 1025 1773 1074 charges
1793 1026 1840 1063 de
1869 1039 1932 1064 ma
1959 1041 2176 1079 vengeance
2193 1028 2271 1072 ,ds

1215 1089 1320 1118 toute
1335 1090 1403 1118 ton
1417 1083 1569 1133 ardeur,
1583 1082 1624 1133 je
1639 1084 1832 1132 tfaccorde
1849 1086 1897 1123 (16
1915 1099 2092 1125 nouveau
2109 1089 2146 1126 le
2159 1100 2249 1138 pay
2292 1087 2294 1132 j

1216 1141 1262 1178 de
1274 1142 1410 1178 Pahlav
1423 1142 1476 1192 (2)
1494 1155 1642 1179 comme
1658 1145 1888 1192 pati-imoine
1905 1145 1954 1182 de
1968 1153 2007 1184 ta
2023 1146 2165 1184 famille
2182 1145 2260 1198 (3);³
2292 1164 2294 1201 ᾗ

2292 1214 2294 1236 ,l

1213 1258 1355 1290 Palahav
1384 1259 1425 1291 de
1452 1259 1600 1300 Bardav,
1622 1260 1820 1295 c'cst-a-dire
1838 1262 1967 1310 ,Pahlav
1982 1263 2024 1296 de
2040 1263 2174 1298 Parthie
2189 1264 2268 1308 (Cf.
2293 1238 2294 1276 Ῑ

1216 1305 1389 1337 Patcanian
1403 1332 1410 1345 ‚
1425 1308 1526 1339 Essa&
1546 1307 1648 1340 d’unc
1673 1309 1763 1341 Hist.
1780 1309 1840 1342 des
1855 1311 2124 1353 Sassanidesffl.
2143 1315 2236 1354 18‚19

1213 1352 1358 1439 gztgrgjl.
1386 1353 1500 1394 franc„
1518 1363 1551 1395 p.
1572 1357 1623 1387 35.
1639 1375 1679 1382 —-
1691 1355 1801 1388 zenob
1821 1355 1863 1389 de
1882 1357 1982 1399 Glag,
1995 1358 2082 1391 trad.
2097 1358 2142 1392 fr⁸⁴
2155 1367 2189 1401 p.
2203 1355 2277 1394 2⁶5

1257 1447 1302 1488 (3)
1326 1447 1378 1478 Cf.
1395 1448 1497 1480 Moise
1510 1447 1551 1480 (16
1567 1449 1720 1483 Κ11016116
1732 1475 1740 1488 ,
1757 1450 1813 1482 liv.
1830 1452 1879 1492 Π,
1894 1451 1946 1483 611.
1963 1453 2014 1492 28,
2030 1455 2084 1485 67.

1217 1639 1327 1680 Syriae.
1373 1639 1535 1682 Adjuncta
1545 1643 1657 1675 autem
1666 1642 1774 1676 eidem
1787 1653 1919 1686 quoque
1933 1646 2238 1681 5661831366110111
2257 1653 2277 1671 2

1216 1709 1343 1750 agmina
1366 1709 1399 1742 in
1426 1711 1623 1744 subsidium.
1667 1713 1847 1755 Raptisque
1875 1714 1996 1748 iterum
2029 1715 2160 1758 spoliis,
2181 1726 2249 1750 66
2262 1715 2268 1725 ·’

1214 1779 1310 1813 laude
1328 1790 1482 1814 reversus
1500 1784 1551 1816 est
1569 1782 1613 1815 ad
1627 1783 1701 1816 1063
1715 1785 1855 1827 propria.
1900 1787 1942 1818 Et
1963 1785 2027 1819 hoc
2045 1779 2275 1822 modo-dein?

1214 1859 1290 1892 ceps
1302 1851 1335 1883 in
1348 1861 1449 1885 annos
1461 1852 1577 1886 decem
1590 1853 1775 1894 subjectam
1788 1855 1858 1898 regi
1870 1858 2045 1889 Persarum
2057 1858 2236 1899 potestate·
2255 1847 2273 1896 J·

1214 1921 1341 1954 evertit.
1388 1904 1470 1954 Cum
1489 1931 1566 1965 ergo
1580 1924 1786 1965 perspiceret·
1795 1926 1971 1958 Persarum
1986 1934 2046 1958 rex
2060 1925 2133 1959 hoec
2147 1926 2247 1960 omni
2264 1935 2270 1970 j

1213 1990 1298 2022 mala
1310 2016 1318 2030 ‚
1349 1991 1469 2032 quibus
1501 1993 1720 2035 affligebatur,
1750 1995 1910 2028 confusus
1939 1997 1992 2028 est
2029 1994 2243 2032 vehementer
2256 1997 2277 2029 Γ,

1211 2058 1373 2101 haesitque
1390 2062 1572 2104 ambiguus.
1596 2064 1793 2099 convocatis
1811 2066 1924 2097 autem
1940 2065 2093 2099 omnibus
2108 2065 2249 2109 regibu‘
2269 2047 2275 2079 ἶ

1211 2128 1357 2162 locorum
1375 2131 1589 2172 praesidibus,
1609 2134 1642 2165 et
1659 2132 1737 2165 116111
1764 2133 1926 2174 (16611165,
1948 2143 2034 2176 quos
2052 2133 2197 2168 habebat
2220 2126 2266 2168 i'

1212 2199 1333 2232 ditione
1352 2209 1432 2240 sua,
1451 2201 1493 2234 ad
1511 2202 1762 2236 consultandum
1773 2228 1782 2243 ‚
1800 2195 1949 2236 hortatus
1975 2205 2029 2238 est
2054 2213 2171 2239 omnes
2182 2230 2191 2246 ‚
2214 2215 2237 2238 u
2250 2213 2261 2228 -ἑ

1211 2270 1392 2304 invenirent
1420 2272 1582 2305 malorum
1615 2274 1751 2307 exitum.
1808 2274 2028 2307 promittebat
2056 2283 2138 2308 vero
2168 2275 2226 2309 (10

1210 2343 1332 2384 majora
1348 2342 1412 2383 illi,
1431 2343 1487 2385 qui
1504 2344 1682 2378 vindictam
1699 2346 1806 2378 facere
1823 2346 1949 2378 valeret
1960 2371 1968 2387 ‚
1983 2347 2182 2380 annuntians
2193 2373 2202 2388 ,

1210 2412 1315 2446 eidem
1335 2414 1511 2447 secundam
1530 2415 1723 2457 dignitatem
1735 2415 1770 2450 in
1787 2415 1933 2451 dominio
1950 2425 2012 2449 suo
2030 2417 2233 2453 traditurum
2250 2395 2277 2462 ¹¹

1210 2485 1320 2518 dicens
1334 2486 1423 2527 quod
1437 2498 1445 2518 :
1460 2487 1568 2519 Etiam
1584 2487 1613 2520 si
1627 2487 1702 2529 quis
1719 2487 1762 2520 sit
1781 2487 1920 2521 fortunae
1936 2487 2114 2522 admodum
2126 2489 2260 2522 tenuis

1210 2556 1291 2589 solio
1307 2551 1436 2590 tantum
1464 2567 1539 2591 11160
1569 2558 1675 2600 primo
1700 2560 1875 2600 apparente
1889 2585 1898 2600 ,
1917 2559 2079 2600 aequalem
2105 2559 2147 2592 ab
2172 2559 2251 2602 ipsi

1209 2629 1281 2668 post
1302 2637 1354 2660 me
1373 2628 1517 2661 obtineat
1533 2629 1702 2662 honorem.
2212 2609 2223 2615 ἢ

1251 2698 1270 2739 §
1292 2700 1340 2731 13.
1362 2700 1454 2731 Tunc
1479 2699 1596 2741 aliquis
1614 2699 1858 2733 illustrissimus
1881 2700 1915 2732 in
1932 2700 2058 2733 ditione
2074 2701 2174 2734 Persa
2202 2711 2207 2728 »
2225 2713 2229 2729 ι
2248 2712 2252 2719 ·

1210 2764 1315 2804 gentis
1331 2765 1509 2805 praefectus
1519 2791 1526 2805 ‚
1542 2765 1731 2802 cuinomen
1747 2768 1836 2798 Anac
1847 2790 1857 2806 ,
1871 2764 2132 2807 consanguineus
2143 2766 2169 2797 G
2180 2778 2186 2793 ·
2199 2788 2207 2794 »
2218 2778 2247 2793 2>

1209 2828 1298 2861 ronis
1321 2829 1427 2870 regis,
1445 2839 1485 2862 ex
1502 2828 1574 2871 ip'so
1594 2839 1731 2872 surgens
1750 2839 1924 2871 consessu,
1944 2829 2105 2872 processit
2122 2830 2158 2862 in
2174 2838 2230 2863 me
2246 2834 2250 2845 ³

1184 2921 1194 2928 „
1207 2892 1319 2933 dium,
1346 2894 1380 2925 et
1412 2894 1562 2936 promisit
1588 2895 1770 2928 vindictam
1796 2904 1832 2928 56
1851 2896 2025 2936 capturum
2048 2893 2092 2927 de
2117 2893 2239 2936 propri
2259 2908 2261 2910 ·

1208 2957 1444 2999 consanguineo
1455 2982 1463 2998 ‚
1482 2959 1638 2999 tanquam
1650 2958 1692 2990 de
1703 2957 1848 2990 inimico.
1871 2956 2034 2998 Incipiens
2045 2965 2126 2990 vero
2141 2955 2204 2990 dis
2218 2970 2226 2985 ’-

1206 3031 1277 3054 rere
1291 3024 1465 3055 Persarum
1477 3031 1554 3062 rex,
1574 3022 1682 3055 eidem
1701 3022 1782 3055 dicit
1802 3035 1811 3054 ι
1828 3021 1862 3054 Si
1876 3022 1960 3054 hanc
1971 3021 2054 3054 mibi
2065 3020 2178 3054 vindic
2200 3034 2203 3049 2
2233 3008 2270 3069 «ζμ

1205 3087 1275 3118 toto
1292 3086 1398 3119 animo
1417 3086 1648 3127 exquisiveris‚
1663 3087 1786 3120 avitam
1798 3087 1998 3128 potestatem
2017 3084 2131 3118 statim
2147 3085 2214 3119 vob
2268 3072 2271 3122 ,¹

1204 3151 1341 3184 reddam
1366 3165 1374 3183 ι
1396 3151 1520 3194 tibique
1538 3153 1710 3194 imponens
1728 3152 1898 3193 diadema,
1922 3152 2025 3195 gloria
2042 3148 2239 3184 sublevabo

1205 3217 1486 3259 clarissimumque
1503 3220 1538 3251 et
1557 3219 1705 3252 omnium
1723 3218 1983 3252 illustrissimum
1997 3216 2032 3248 111
2047 3225 2149 3259 regno
2177 3230 2194 3245 n
2210 3213 2249 3262 zos

1204 3281 1362 3320 efficiam,
1377 3283 1411 3315 et
1429 3283 1595 3316 secundus
1607 3292 1626 3316 3
1637 3292 1692 3316 1116
1709 3282 1892 3316 vocaberis.
1934 3280 2147 3323 Respondens
2161 3289 2199 3314 v-
2242 3275 2243 3278 ’

1204 3345 1344 3379 Parthus
1362 3348 1452 3379 Anac
1463 3371 1472 3387 ,
1486 3347 1570 3381 dixit
1590 3361 1598 3380 ι
1615 3348 1759 3382 Relictos
1775 3357 1818 3382 ex
1834 3347 2026 3393 cognatione
2048 3355 2124 3380 mea
2139 3346 2222 3380 116116

1205 3412 1352 3445 faciendo
1363 3414 1585 3447 honoraveris.
1630 3417 1698 3456 Ego
1707 3415 1794 3448 enim
1806 3416 1839 3448 et
1850 3415 1951 3448 frater
1959 3421 2055 3446 meus
2067 3420 2199 3454 german
2228 3410 2263 3448 ἤϊ’

2244 3523 2269 3580 t
