2294 3620
661 142 906 182 HISTOIRE
934 140 1007 181 DU
1034 132 1209 180 REGNE
1240 140 1309 178 DE
1336 140 1594 180 TIRIDATE.

35 245 197 276 souvent
210 249 258 274 en
272 236 425 285 prison,
441 239 600 274 convert
616 231 664 268 de
680 233 833 268 chaines
845 260 855 278 ,
870 244 972 281 pour
990 230 1083 280 qu'il

37 295 286 333 abandonnat
303 295 339 330 le
359 293 458 330 culte
477 291 532 328 du
551 292 675 328 Christ
694 298 732 327 et
751 291 845 339 qu⁷il
873 292 929 327 lui
955 290 1080 336 obest,

11 400 13 405 ‚
38 369 87 392 en
105 355 270 391 adorant
286 353 331 390 de
349 352 488 389 fausses
507 358 546 387 et
563 351 732 399 impures
751 350 942 387 divinites.

92 414 130 463 [S
150 412 232 465 18.]
249 414 284 466 A
303 419 400 449 cette
426 412 577 460 epoque
596 410 632 445 16
652 410 787 458 prince
804 410 870 446 des
887 409 1009 446 Goths
1026 406 1083 460 (1)

8 503 12 522 3
37 472 243 510 rassembla
262 471 328 508 des
344 470 508 515 soldats,
527 476 584 515 et,
602 475 717 517 ayant
735 469 846 504 reuni
862 480 938 505 une
958 468 1084 504 armee

11 547 19 570 -·,
37 530 318 576 considerable,
351 529 502 566 declara
538 529 573 564 la
609 540 746 577 guerre
778 540 826 564 au
857 528 993 577 prince
1019 526 1085 563 des

37 587 283 642 Grecs(2).Il
313 589 370 625 lui
397 599 546 635 envoya
569 587 634 623 des
665 587 954 623 ambassadeurs
983 597 1086 635 pour

36 649 91 685 lui
107 647 190 684 dire
209 660 218 684 ε
244 663 262 680 ιι
284 645 488 695 Pom-quoi
515 652 798 681 mettons-nous
828 652 910 681 tant
931 644 979 680 de
996 656 1086 693 gens

36 709 86 744 cn
114 719 347 756 campagne‚
366 712 448 742 tant
475 705 687 743 d'hommes
711 705 802 740 hors
835 704 883 740 de
908 703 1082 750 combat‚

37 773 76 802 et
93 767 370 804 ruinons-nous
388 765 424 801 le
439 758 536 813 pays
551 777 600 800 en
616 776 640 812 y
659 762 782 811 jetant
801 764 839 798 la
860 770 1085 798 consterna-

32 826 142 862 tion?
157 825 220 861 Me
234 825 336 864 voici
351 824 456 870 seul,
473 824 555 859 loin
571 823 619 858 de
637 835 717 858 mes
735 822 912 857 cohortes
929 829 967 857 et
982 834 1085 857 mar-

14 883 18 887 ’
39 883 154 920 ehant
187 890 321 923 contre
370 883 439 921 toi.
470 882 697 919 Avance-toi
730 881 777 917 de
810 888 878 916 ton
914 881 1018 926 cote,
1050 887 1087 916 et

39 941 335 980 trouvons-nous
372 942 562 979 ensemble
595 954 644 978 en
679 941 815 988 champ
847 941 938 978 clos.
976 940 1016 976 Si
1046 939 1086 987 je

38 1003 252 1051 triumphe,
268 1003 321 1039 les
341 1001 458 1038 Grecs
473 1008 662 1038 resteront
679 1001 822 1036 soumis
837 999 858 1035 a
876 1012 939 1035 ma
956 999 1085 1035 domi-—

29 1063 192 1109 ,nation3
217 1063 249 1098 si
277 1074 326 1098 au
359 1061 548 1097 contraire
576 1067 618 1095 tu
647 1071 686 1095 es
723 1059 957 1103 victorieux,
989 1070 1088 1094 nous

83 1165 128 1206 (1)
149 1165 196 1196 Ce
214 1163 264 1196 roi
279 1163 339 1195 des
360 1162 466 1195 Goths
483 1162 535 1194 est
562 1160 677 1203 appele
695 1158 840 1191 Hratche
861 1168 905 1191 ou
924 1158 1069 1191 Hertche
1081 1183 1091 1199 ‚

1 1230 6 1234 -
38 1220 98 1255 par
126 1212 177 1245 les
204 1210 366 1244 ecrivains
386 1209 582 1242 armeniens.
600 1209 626 1242 ll
655 1208 736 1240 etait
766 1207 819 1239 fils
840 1206 1025 1240 d'Askedne
1049 1216 1093 1239 ou

39 1259 199 1299 saldene,
225 1266 316 1291 soeur
338 1257 379 1290 de
410 1258 441 1289 S.
463 1258 606 1297 Jacques
624 1255 666 1288 (16
684 1254 813 1294 Nisibe‚
829 1254 899 1286 l'un
929 1254 988 1286 des
1015 1254 1090 1295 plus

0 1305 6 1312 ”
39 1306 189 1338 illustres
206 1305 305 1338 Peres
320 1303 362 1336 de
375 1297 506 1345 l’Eglise
530 1302 753 1335 armenienne.
768 1303 912 1342 Jacques
927 1301 1007 1334 etait
1025 1301 1091 1333 lui-

38 1354 147 1385 meme
164 1352 218 1384 fils
238 1351 280 1384 de
291 1350 523 1383 Khosrovouhi
535 1375 543 1389 ‚
559 1358 652 1382 soeur
667 1348 808 1391 d’Anag,
827 1348 905 1390 pere
917 1348 959 1381 de
972 1350 1004 1380 S.
1015 1349 1093 1391 Gre-

39 1400 129 1442 goire
148 1398 271 1442 (Zenob
294 1399 336 1431 de
358 1398 459 1440 Glag‚
472 1406 506 1439 p.
526 1401 565 1430 22
592 1397 639 1429 du
665 1397 757 1428 texte
774 1397 809 1428 et
832 1405 866 1437 p.
882 1399 922 1429 29
939 1396 972 1428 et
992 1398 1032 1428 30
1050 1395 1091 1428 de

38 1448 73 1482 la
96 1447 182 1480 trad.
203 1447 244 1479 fr.
271 1464 307 1469 —
325 1445 563 1478 Oukhthannes
580 1438 756 1484 d’Edesse,
769 1452 804 1485 p.
828 1442 895 1483 68).
921 1442 1066 1475 Hratche
1079 1467 1087 1482 ,

2125 150 2205 190 123

1158 242 1288 266 serons
1300 230 1442 266 soumis
1456 229 1478 266 a
1495 237 1546 267 tes
1563 231 1635 266 lois
1652 243 1754 279 pour
1769 233 1807 269 la
1824 235 1903 279 vie,
1924 242 1980 280 et,
1999 248 2049 274 au
2066 238 2143 274 lieu
2159 239 2206 276 de

1157 288 1349 338 repandre
1369 288 1422 325 du
1438 301 1546 338 sang,
1562 302 1659 325 nous
1681 302 1730 326 ne
1748 303 1955 340 songerons
1981 295 2095 342 qu'au
2114 298 2205 334 bien

1157 348 1324 398 general.
1346 363 1362 380 »
1388 349 1511 396 Ayant
1532 348 1700 384 entendu
1723 361 1783 385 ces
1803 351 1974 397 paroles,
1996 353 2031 388 le
2060 356 2121 390 roi
2141 356 2207 393 des

1157 407 1273 445 Grecs
1281 406 1340 443 fut
1348 406 1507 455 effraye,
1519 408 1682 457 puisque
1698 420 1767 443 son
1781 408 1996 445 adversaire
2007 423 2055 447 ne
2065 415 2208 451 voulait

1157 478 1225 516 pas
1252 467 1371 504 livrer
1400 466 1449 503 de
1476 464 1633 503 bataille
1649 468 1789 516 rangee
1817 474 1856 503 et
1873 467 1963 516 qu’il
1980 469 2133 508 refusait
2161 473 2209 511 de

1159 527 1353 563 consentir
1366 539 1440 563 aux
1454 527 1719 576 propositions
1733 526 1780 563 de
1794 526 2056 577 l'ambassade,
2067 529 2211 568 n'e'tant

1157 599 1225 636 pas
1245 586 1361 623 d’une
1378 587 1625 636 complexion
1652 586 1892 635 vigoureuse.
1913 586 2023 623 Aussi
2033 616 2044 633 ‚
2060 590 2147 626 saisi
2163 590 2212 627 de

1160 654 1321 696 terrear,
1342 647 1370 681 il
1397 659 1445 683 ne
1474 646 1596 682 savait
1615 658 1691 695 que
1710 645 1915 694 repondre.
1933 648 1965 682 A
1983 659 2026 683 ce
2043 656 2213 685 moment

1158 705 1389 753 l'empereur
1415 705 1593 742 ordonna
1612 704 1835 754 d'expedier
1855 704 1922 741 des
1950 717 2154 756 messagers
2173 716 2211 744 et

1160 764 1225 801 (les
1247 765 1393 802 decrets
1421 778 1496 802 aux
1522 767 1674 815 princes
1695 772 1733 802 et
1761 777 1838 802 aux
1867 763 2031 802 officiers
2061 766 2108 803 de
2142 780 2211 804 son

1159 826 1315 873 empire,
1325 838 1429 873 pour
1440 825 1550 873 qu’ils
1561 838 1599 863 se
1610 825 1800 862 hatassent
1810 825 1857 861 de
1867 825 1976 860 venir
1987 825 2022 861 16
2036 832 2209 865 trouver.

1159 886 1260 921 Tous
1277 886 1330 921 les
1343 885 1512 934 princes,
1528 886 1582 921 les
1598 892 1755 933 troupes
1770 891 1808 921 et
1825 885 1877 920 les
1892 891 2058 933 satrapes
2077 885 2215 921 arrive-

1159 952 1246 981 rent
1273 957 1358 982 sans
1386 944 1528 981 retard.
1559 945 1728 981 Licinius
1755 957 1794 981 se
1817 944 1908 981 bata
1941 944 1989 981 de
2021 943 2216 992 rejoindre

1161 1003 1370 1052 egalement
1390 1003 1425 1039 le
1445 1015 1555 1051 camp
1575 1003 1627 1039 du
1645 1004 1706 1040 roi
1727 1016 1818 1040 avec
1836 1016 1905 1040 son
1926 1004 2070 1041 armee.

1167 1167 1254 1191 venu
1271 1168 1352 1192 avec
1370 1169 1423 1193 ses
1442 1164 1592 1202 parents,
1611 1162 1694 1195 dans
1710 1163 1740 1196 le
1759 1172 1841 1205 pays
1859 1163 1919 1197 des
1936 1164 2058 1203 Goths,
2074 1164 2136 1205 fut,
2149 1165 2169 1197 ἐι
2187 1166 2218 1197 la

1169 1207 1255 1239 suite
1289 1207 1330 1240 de
1368 1209 1610 1242 circonstances
1646 1210 1827 1244 heureuses
1839 1236 1847 1251 ,
1875 1212 1966 1244 eleve
1995 1212 2016 1244 a
2038 1211 2070 1244 la
2094 1211 2219 1254 dignit&

1168 1255 1279 1344 roya133
1312 1256 1584 1297 (Oukhthannes‚
1612 1268 1644 1300 p.
1670 1261 1721 1291 68.
1742 1277 1785 1284 —
1805 1261 1952 1299 Vartan‚
1983 1261 2076 1292 Hist.
2103 1261 2215 1300 univ„

1212 1349 1259 1391 (2)
1276 1350 1327 1382 Cf.
1347 1351 1456 1384 zenob
1482 1352 1523 1384 de
1550 1352 1649 1394 Glag‚
1672 1362 1707 1395 p.
1723 1357 1762 1385 22
1777 1352 1823 1385 du
1840 1354 1930 1386 texte
1952 1354 1987 1386 et
2009 1363 2042 1395 p.
2058 1357 2098 1387 30
2120 1354 2162 1387 de
2185 1354 2217 1387 la

1166 1397 1252 1429 trad.
1269 1397 1309 1430 fr.
1328 1416 1370 1422 -
1383 1401 1428 1432 Le
1440 1399 1553 1441 prince
1569 1399 1629 1433 des
1642 1402 1745 1433 Grecs
1761 1401 1842 1434 dont
1857 1401 1881 1433 il
1897 1403 1948 1434 est
1964 1400 2118 1443 question
2135 1401 2219 1435 dans

1172 1452 1210 1477 ce
1229 1453 1367 1487 passage
1382 1446 1468 1478 n'est
1489 1448 1584 1479 autre
1600 1456 1665 1488 que
1678 1447 1873 1480 Diocletien.

42 1518 2211 1561 ——--————--——-a—-————

42 1572 165 1611 ἕαυτὸν
210 1570 420 1617 ὖποκλίνας,
454 1571 488 1608 ἐν
523 1569 621 1621 πάσῃ
662 1571 821 1619 ὑποταγῇ
870 1570 1085 1621 λειτουργεῖν

390 1628 465 1668 Καὶ
485 1630 519 1667 ἐν
540 1634 611 1672 τοῖς
640 1630 775 1681 καιροῖς
803 1626 946 1671 ἐκείνοις
969 1630 986 1666 6
1017 1630 1086 1666 τῶν

42 1690 227 1737 Ἑλλήνων
245 1689 364 1742 ἄρχων
384 1687 447 1735 τὴν
466 1693 528 1726 τοῦ
545 1689 639 1726 Θεοῦ
657 1685 847 1733 ἐκκλησίαν
864 1686 987 1725 ἐδίωκε
1000 1718 1011 1735 ,
1028 1686 1088 1725 καὶ

42 1749 121 1788 τότε
143 1747 310 1801 μανθάνει
333 1750 351 1786 6
372 1746 584 1799 Τηρηδάτης
605 1745 686 1798 περὶ
707 1745 900 1799 Γρηγορίου
928 1746 980 1788 ὅτι
1009 1761 1088 1800 χρι-

0 1826 4 1832 ·
45 1809 181 1852 στιανὸς
197 1806 524 1859 ὕπάρχει.”Ηρξατο
541 1804 577 1843 δὲ
594 1809 787 1853 τηνικαῦτα
801 1807 966 1856 ἐπιτιμᾶν
981 1809 1090 1858 αὐτῷ,

46 1868 106 1907 καὶ
127 1867 298 1920 διαφόρως
318 1866 590 1917 ἀγανακτήσεως
619 1864 833 1903 ἐπιτιθέναι·
859 1865 1031 1909 πολλάκις
1054 1864 1090 1904 δὲ

45 1929 80 1965 ἐν
102 1928 274 1980 φυλακαῖς
304 1924 365 1964 καὶ
386 1925 526 1975 δεσμοῖς
546 1924 606 1962 καὶ
628 1923 793 1976 βασάνοις
814 1922 947 1961 ἔθλιὸεν
966 1923 1088 1973 αὐτὸν,

46 1986 107 2025 καὶ
134 1987 334 2032 ἀποστῆσαι
363 1983 511 2022 ἔσπευδε
531 1986 594 2031 τ’ῆς
621 1987 681 2022 τοῦ
708 1984 864 2035 Χριστοῦ
891 1982 1091 2035 προσκυνή-

47 2061 134 2089 σεως
146 2075 157 2092 ,
173 2045 233 2083 καὶ
255 2045 303 2088 εἷς
319 2043 478 2082 δουλείαν
501 2045 751 2094 ὕπεισαγαγεῖν
768 2044 830 2088 τῆς
847 2044 916 2080 τῶν
933 2041 1091 2092 ματαίων

49 2104 203 2143 εἰδώλων
226 2104 395 2156 βδελυρᾶς
410 2103 590 2155 λατρείας.

98 2166 120 2215 §
149 2165 209 2203 18.
239 2162 302 2202 Ἐν
341 2162 378 2200 δὲ
415 2168 490 2205 ταῖς
526 2162 674 2213 ἡμέραις
710 2160 859 2205 ἐκείναις
889 2161 1093 2212 στράτευμα

45 2217 261 2270 συναθροίζει
283 2219 301 2254 6
319 2218 392 2254 τῶν
410 2215 550 2254 Γότθων
581 2214 714 2267 ἅρχων,
750 2213 811 2253 καὶ
840 2213 975 2260 πολλὴν
1009 2214 1094 2266 βοή-

47 2281 141 2315 θειαν
178 2275 411 2326 συγκομίσας,
440 2268 524 2321 ἦλθε
561 2275 715 2325 πόλεμον
750 2276 879 2320 στῆσαι
908 2273 998 2324 μετὰ
1033 2277 1094 2311 τοῦ

47 2338 116 2374 τῶν
128 2334 310 2380 Ἑλλήνων
323 2333 505 2387 ἄρχοντος,
518 2333 579 2371 καὶ
597 2333 654 2371 τὸν
674 2332 802 2386 τρόπον
819 2336 956 2383 τοῦτον,
970 2332 1092 2386 φασὶν,

50 2394 258 2434 ἀποστέλλει
276 2394 387 2443 λέγων
408 2393 503 2446 αὐτῷ
516 2408 524 2416 ·
536 2391 616 2431 Ἵνα
629 2392 662 2430 τί
682 2392 769 2435 δ’λως
788 2391 996 2444 παράγομεν
1015 2390 1096 2435 τοὺς

49 2452 340 2504 συμμίκτουςέν
371 2455 422 2505 τῷ
451 2453 616 2505 πολέμῳ,
650 2451 711 2490 καὶ
743 2451 1016 2501 κατακόπτομεν
1051 2450 1096 2488 τὰ

49 2514 324 2565 στρατεύματα,
347 2511 504 2550 κίνδυνον
526 2511 561 2549 δὲ
586 2510 661 2561 ἅμα
678 2510 739 2549 καὶ
757 2510 915 2561 ἀνάγκην
935 2516 1012 2554 ταῖς
1032 2509 1095 2548 πό·

2 2614 6 2620 ,
48 2573 145 2611 λεσιν
170 2571 403 2625 ἐπιφέρομεν;
425 2570 517 2610 Ἰδοὺ
551 2569 619 2622 ἐγὼ
649 2570 839 2613 ἀντίπαλος
859 2571 898 2608 ἐκ
921 2573 982 2608 τοῦ
1004 2573 1095 2619 ἡμε-

49 2631 149 2684 τέρου
183 2634 334 2684 στρατοῦ
365 2629 578 2683 ἐξέρχομαι,
609 2629 669 2668 καὶ
704 2628 744 2667 σὺ
781 2628 884 2672 αὐτὸς
918 2628 989 2666 ἀπὸ
1028 2631 1096 2666 τῶν

52 2690 250 2739 Ἑλλήνων,
271 2689 331 2728 καὶ
353 2690 676 2742 μονομαχήσωμεν.
698 2688 785 2727 Ἐὰν
807 2687 876 2739 ἐγὼ
897 2687 935 2726 σὲ
955 2690 1095 2740 ὑπερνι-

48 2749 150 2797 κήσω
162 2779 172 2797 ,
188 2751 220 2788 οἱ
238 2746 416 2796 εΈλληνες
433 2750 510 2799 ἐμοὶ
527 2751 750 2799 ὓποταγῶσιν
769 2749 803 2785 ἐν
824 2746 963 2800 δουλεία
979 2762 988 2771 ·
1012 2749 1043 2785 εἷ
1061 2746 1097 2786 δὲ

51 2809 152 2852 αὐτὸς
179 2807 241 2859 ἐμὲ
263 2808 487 2859 ὖποπιάσῃς,
508 2809 540 2847 οἱ
571 2806 738 2860 ἧμέτεροί
762 2822 817 2844 σοι
846 2805 1097 2850 ἀποκλίναντες

50 2867 265 2907 δουλεύσωσι
276 2897 287 2915 ,
303 2867 363 2905 καὶ
377 2866 487 2919 χωρὶς
502 2865 782 2918 αἱματεκχυσίας
798 2868 870 2909 τοῖς
888 2864 1097 2918 ἀμφοτέρων

52 2925 175 2979 μέρεσι
227 2927 372 2977 γένηται
427 2925 571 2978 εἰρήνη,
619 2925 680 2964 καὶ
733 2924 925 2978 ἀσφάλεια.
971 2927 1097 2964 Ταῦτα

52 2986 204 3029 ἀκούσας
221 2987 238 3023 6
257 2987 326 3024 τῶν
343 2984 527 3032 Ἑλλήνων
549 2983 710 3036 βασιλεὺς
722 3014 732 3031 ,
750 2984 907 3038 ἐφοὸήθη
930 2983 1019 3030 λίαν,
1045 2983 1097 3021 ὅτι

52 3044 311 3088 ἅναλκέστατος
352 3046 489 3096 ὑπῆρχε
524 3047 568 3096 τῇ
602 3046 671 3082 τῶν
701 3045 813 3082 ὀστῶν
846 3043 1014 3094 δυνάμει,
1037 3042 1097 3081 καὶ

52 3104 252 3148 ἐκκενωθεὶς
289 3103 328 3141 τὸ
369 3106 430 3149 τ’ῆς
473 3103 619 3155 καρδίας
654 3104 800 3155 θάρσος,
833 3102 1012 3155 ἐταράχθη
1048 3102 1097 3150 μὴ

53 3163 242 3216 εὓρίσκων,
256 3164 330 3206 πῶς
350 3163 445 3214 αὐτῷ
475 3162 660 3214 παράσχοι
683 3161 885 3213 ἀπόκρισιν.
916 3161 1008 3200 Τότε
1027 3177 1100 3198 πα-

15 3259 18 3262 .
55 3221 279 3275 ρακελεύεται
295 3224 461 3274 πανταχῆ
483 3221 680 3273 γράμματα
697 3223 996 3272 καταπεμφθῆναι
1014 3220 1100 3273 πρὸς

54 3281 132 3325 τοὺς
150 3280 367 3335 στρατηγοὺς
384 3283 446 3327 τῆς
466 3279 557 3325 ἰδίας
574 3279 747 3328 ἐξουσίας,
763 3278 856 3323 ὅπως
872 3279 999 3323 πάντες
1013 3279 1098 3331 παρ’

57 3340 159 3378 αὐτὸν
190 3342 225 3379 ἐν
252 3340 354 3392 τάχει
386 3339 671 3391 παραγένωνται.
694 3338 786 3378 Τότε
809 3337 850 3385 δὴ
876 3339 906 3376 οἱ
932 3337 1099 3390 ἄρχοντες

57 3398 117 3437 καὶ
135 3401 166 3438 οἱ
186 3398 378 3450 στρατηγοὶ
397 3397 441 3436 τὰ
460 3397 544 3451 πρὸς
566 3397 668 3436 αὐτὸν
697 3399 731 3436 ἐν
754 3398 890 3447 σπουδῇ
915 3396 1095 3447 κατελάμ-

42 1631 188 1670 ἐνώπιον
210 1631 331 1669 αὐτοῦ.

1160 1570 1368 1611 temporibus
1385 1572 1578 1604 Graecorum
1596 1573 1748 1615 princeps
1776 1573 1949 1606 ecclesiam
1974 1573 2036 1606 Dei
2062 1568 2219 1616 vpersecu-

1162 1643 1218 1676 tus
1241 1645 1313 1683 est,
1331 1645 1366 1676 et
1393 1645 1465 1677 tum
1495 1644 1633 1678 rescivit
1656 1646 1834 1678 Teredates
1861 1646 1902 1678 de
1929 1646 2107 1688 Gregorio,
2129 1647 2219 1688 quod

1163 1721 1362 1754 christianus
1376 1723 1476 1755 esset.
1493 1723 1610 1763 Itaque
1622 1722 1733 1764 ipsum
1748 1723 1905 1756 continuo
1918 1724 2019 1765 coepit
2030 1723 2210 1766 increpare,

1163 1792 1330 1834 variisque
1355 1793 1464 1826 modis
1494 1803 1554 1836 per
1585 1794 1843 1837 indignationem
1874 1796 2007 1838 aggredi
2029 1809 2036 1829 :
2062 1797 2216 1838 frequen-

1162 1867 1214 1898 ter
1235 1867 1347 1899 autem
1371 1866 1576 1906 carceribus,
1594 1867 1736 1900 vinculis
1761 1869 1795 1901 et
1818 1868 2022 1901 cruciatibus
2038 1868 2150 1911 ipsum
2167 1869 2218 1902 at·

1164 1940 1297 1982 lligehat
1314 1966 1322 1981 ‚
1338 1942 1562 1983 studebatque
1581 1951 1658 1975 eum
1684 1942 1726 1975 ab
1751 1942 1944 1976 adoratione
1970 1943 2095 1977 Christi
2114 1943 2217 1976 abdu-

1163 2024 1255 2055 cere,
1289 2017 1323 2048 et
1357 2016 1397 2048 ad
1435 2016 1693 2049 abominandum
1723 2016 1873 2049 inanium
1901 2016 2067 2049 idolorum
2097 2017 2220 2051 sensim

1164 2090 1323 2123 reducere
1339 2090 1479 2123 cultum.

1209 2163 1229 2205 ὃ
1251 2166 1300 2196 18.
1322 2163 1382 2196 1110
1397 2165 1546 2205 tempore
1565 2163 1751 2196 Gothorum
1770 2164 1922 2206 princeps
1936 2163 2123 2196 exercitum
2138 2160 2218 2196 con·

1167 2241 1298 2281 gregat,
1318 2238 1567 2280 multorumque
1593 2247 1709 2272 secum
1737 2238 1873 2272 trahens
1903 2238 2089 2271 subsidium
2103 2263 2112 2279 ,
2129 2240 2222 2272 vemt

1169 2315 1291 2348 bellum
1317 2315 1469 2346 moturus
1492 2314 1633 2356 principi
1662 2315 1874 2350 Graecorum.
1893 2322 1999 2356 eoque
2027 2313 2127 2345 modo
2141 2335 2152 2346 ,
2166 2312 2218 2344 ἰο-

1168 2389 1297 2430 quiunt,
1310 2388 1508 2430 legationem
1525 2388 1674 2429 mittens,
1688 2387 1820 2420 locutus
1835 2388 1886 2420 est
1902 2398 1909 2419 :
1926 2388 1972 2419 'Ut
1987 2386 2067 2428 quid
2087 2386 2220 2419 omnino

1168 2461 1367 2494 commixtos
1391 2459 1588 2492 adducimus
1611 2459 1646 2492 in
1671 2459 1863 2492 conflictum
1878 2484 1885 2498 ‚
1903 2460 1938 2491 et
1960 2458 2091 2500 agmina
2109 2458 2220 2492 conci-

1168 2534 1301 2573 dimus,
1321 2533 1506 2574 periculum
1531 2542 1610 2565 vero
1630 2532 1730 2566 simul
1759 2535 1794 2565 et
1821 2532 2055 2578 necessitatem
2077 2532 2220 2565 urbibus

1169 2604 1381 2637 inducimus?
1400 2606 1485 2636 Ecce
1504 2612 1564 2645 ego
1582 2603 1616 2635 in
1631 2603 1723 2636 lucta
1741 2603 1950 2636 adversarius
1970 2612 2011 2636 ex
2023 2603 2142 2637 castris
2154 2612 2215 2636 no-

1169 2677 1247 2711 stris
1260 2676 1419 2719 egredior‚
1432 2678 1466 2709 et
1481 2677 1519 2708 tu
1536 2675 1607 2717 ipse
1622 2685 1664 2708 ex
1682 2675 1830 2708 Graecis:
1846 2675 2002 2718 singulari
2020 2676 2221 2709 dimicemus

1169 2751 1358 2784 certamine.
1374 2750 1407 2782 Si
1425 2759 1484 2792 ego
1500 2750 1534 2782 te
1550 2758 1748 2791 superavero
1758 2774 1766 2789 ,
1782 2749 1892 2781 Graeci
1904 2748 1987 2782 mihi
2000 2749 2220 2791 subjiciantur

1169 2825 1275 2863 εει-νίς
1287 2824 1315 2857 si
1325 2833 1405 2857 vero
1419 2824 1490 2865 ipse
1499 2832 1554 2856 me
1564 2822 1767 2864 depresseris
1774 2849 1782 2864 ,
1791 2822 1894 2855 nostri
1905 2831 1940 2855 se
1952 2822 2012 2855 tibi
2026 2821 2222 2854 inclinantes

1169 2898 1315 2931 serviant
1325 2922 1334 2937 ‚
1348 2898 1382 2930 et
1395 2897 1464 2930 sine
1475 2896 1643 2939 sanguinis
1652 2895 1817 2929 effusione
1826 2905 1867 2929 ex
1878 2896 2056 2929 amborum
2068 2882 2221 2938 partibus

1167 2978 1233 3011 pax
1252 2968 1311 3000 fiat
1327 2968 1361 3000 et
1384 2967 1554 3000 securitas.
1576 2968 1656 2999 Haec
1674 2966 1812 2999 audiens
1825 2968 2020 2999 Graecorum
2035 2974 2095 2999 rex
2111 2965 2214 2999 vehe-

1168 3044 1295 3076 menter
1316 3041 1448 3081 timuit,
1466 3040 1543 3083 quia
1568 3040 1694 3073 ossium
1718 3040 1834 3073 robore
1854 3040 1927 3073 erat
1950 3038 2215 3077 infirmissimus,

1169 3116 1336 3157 animique
1367 3114 1562 3147 fortitudine
1578 3114 1777 3154 destitutus,
1797 3114 1831 3147 et
1857 3113 2011 3146 turbatus
2036 3113 2107 3153 est,
2128 3111 2218 3154 quod

1169 3199 1233 3221 non
1250 3188 1432 3229 inveniret,
1446 3196 1513 3229 quo
1526 3186 1633 3219 eidem
1645 3185 1859 3229 responderet
1871 3186 1982 3219 modo.
1997 3186 2090 3218 Tunc
2101 3184 2215 3228 jubet,

1168 3260 1297 3292 litteras
1327 3267 1579 3300 quoquoversus
1606 3257 1694 3291 mitti
1712 3258 1755 3290 ad
1779 3257 1858 3291 belli
1875 3258 1980 3290 duces
2001 3255 2218 3290 dominationi

1169 3339 1239 3363 suae
1259 3328 1426 3369 subjectos
1439 3353 1447 3368 ‚
1466 3329 1504 3360 ut
1525 3337 1641 3360 omnes
1658 3327 1817 3360 velociter
1839 3327 1882 3359 ad
1909 3326 2022 3369 ipsum
2046 3327 2226 3359 accedant--

1169 3403 1277 3433 Duces
1297 3401 1407 3433 autem
1421 3400 1454 3432 et
1470 3399 1592 3432 milites
1604 3398 1774 3443 diligenter
1786 3398 1829 3431 ad
1847 3397 1959 3440 ipsum
1976 3397 2113 3440 profecti
2127 3396 2214 3429 sunt.
