2294 3620
120 137 169 173 62
982 118 1369 183 lNTRODUoTION.

122 222 236 258 Indos
266 217 592 269 gymnosophistas
619 214 771 259 dividit,
802 223 963 260 quorum
986 211 1145 247 alterum

122 286 283 335 appellat
300 283 550 320 Brachmanas
561 283 578 328 ‚'
591 281 748 317 alterum
764 276 983 314 Samanaeos.

619 366 649 396 5.

163 445 368 487 [1d.00mm.
389 444 426 476 in
445 445 526 476 Hos.
541 443 584 475 X.
606 458 644 464 —
662 442 788 481 Opera,
809 438 904 477 t.VI‚
922 438 950 477 1,
970 434 1055 476 106]

177 523 419 568 Bardesanes,
435 519 541 568 cujus
555 527 591 556 et
602 517 814 568 philosophi
836 515 1070 552 admirantur
1087 515 1146 550 in-

124 589 290 639 genium.

617 663 648 690 6.

167 756 214 798 [S.
229 757 382 797 Ephrem,
395 757 523 787 Haeres.
537 753 661 795 fabul„
674 754 699 791 I,
715 750 799 792 242]

186 854 417 908 Βαρδησάνης
435 853 470 892 δὲ
487 856 505 891 ὁ
523 852 634 905 Σύρος
657 851 692 896 ἐξ
708 851 855 897 Ἐ’δέσης
875 850 1094 903 ὁρμώμενος,
1115 852 1150 889 ἐν

123 922 192 963 τοῖς
240 918 380 971 Οὔήρου
427 918 573 970 Μάρκου
607 916 786 970 Καίσαρος
820 916 963 966 ἤκμασε
997 915 1147 968 χρόνοις.

123 986 255 1024 Τοῦτον
278 983 361 1035 φασὶ
382 981 496 1022 πολλὰ
516 984 578 1028 τῆς
597 980 803 1020 Βαλεντίνου
833 980 1021 1033 περικόψαι
1045 984 1150 1030 μυθο-

123 1047 257 1098 λογίας.
314 1045 437 1086 Πολλὰ
454 1045 489 1083 δὲ
506 1045 564 1083 καὶ
581 1048 624 1098 τῇ
640 1045 763 1098 Σύρων
781 1045 974 1097 συνέγραψε
991 1043 1147 1098 γλώττῃ,

125 1111 186 1148 καὶ
215 1114 326 1148 ταῦτα
347 1109 436 1152 τινὲς
456 1109 676 1162 μετέφρασαν
707 1111 754 1154 εἷς
777 1110 986 1156 τὴνέλλάδα
1013 1108 1145 1162 φωνήν.

128 1172 368 1224 Ἐντετύχηκα
388 1171 423 1209 δὲ
442 1170 539 1223 κάγὼ
563 1171 676 1223 λόγοις
697 1174 799 1211 αὐτοῦ
827 1173 919 1211 κατὰ
939 1172 1151 1225 εἱμαρμένης

126 1242 284 1290 γραφεῖσι
301 1235 359 1273 καὶ
380 1234 465 1287 πρὸς
491 1233 785 1289 τὴν-Μαρκίωνος
800 1236 931 1290 αἵρεσιν
950 1236 1010 1275 καὶ
1030 1236 1148 1280 ἄλλοις

124 1304 184 1340 οὐκ
205 1300 344 1351 ὀλίγοις.
365 1301 464 1339 Φασὶ
485 1299 520 1338 δὲ
536 1300 595 1338 καὶ
609 1301 806 1354 Ἁρμόνιον,
825 1301 947 1341 τούτου
961 1302 1070 1340 παῖδα
1089 1317 1149 1353 γε-

121 1363 284 1414 νόμενον,
322 1363 357 1400 ἐν
391 1362 546 1409 Ἀθήναις
584 1363 647 1411 τὴν
683 1365 870 1412 ἑλληνικὴν
915 1366 1150 1411 παιδευθῆναι

124 1427 252 1481 φωνήν.
308 1425 432 1466 Πολλὰ
445 1426 553 1465 δὲκαὶ
567 1422 661 1472 οὗτος
673 1427 805 1483 ἔγραψε
817 1433 859 1483 τῇ
870 1429 920 1469 Σύ
927 1446 992 1484 ρων
1008 1429 1148 1481 γλώττῃ

119 1491 352 1544 χρησάμενος.
426 1491 501 1538 Τὴν
551 1495 618 1530 τῶν
674 1493 879 1547 ἀμφοτέρων
927 1494 964 1533 δὲ
1011 1495 1147 1543 πλάνην

120 1554 280 1609 Ἰἰφραῒμ
302 1560 320 1596 ὁ
345 1556 455 1610 Σύρος
485 1559 503 1594 ὃ
527 1558 752 1611 πανεύφηαος
767 1560 933 1610 γενναίως
956 1560 1147 1612 διήλεγξεν.

621 1655 651 1684 7.

164 1729 274 1770 [Jules
292 1728 451 1769 Africam,
467 1731 600 1771 Κεστοί,
616 1731 667 1764 ch.
686 1736 735 1771 29,
748 1742 780 1774 p.
800 1735 859 1765 300
875 1736 908 1766 et
930 1735 1013 1767 suiv.
1030 1754 1071 1759 —
1088 1739 1147 1769 Ve-

124 1782 238 1814 terum
250 1781 588 1815 Mathernaticormn
611 1793 718 1826 opara
738 1786 852 1827 (Paris,
871 1788 974 1830 1693),
989 1799 1020 1831 p.
1044 1794 1102 1824 275
1116 1795 1150 1825 et

126 1833 223 1875 suisa]

176 1931 376 1983 Ἐχρήσατο
394 1935 436 1983 τῇ
466 1934 570 1986 πείρᾳ
603 1935 711 1987 ταύτῃ
733 1937 792 1975 καὶ
813 1938 952 1990 Σύρμος
970 1943 988 1978 ὁ
1008 1942 1147 1991 Σκύθης

122 1996 180 2032 καὶ
201 1995 429 2048 Βαρδησάνης
448 1999 465 2034 ὃ
491 1997 631 2050 Πάρθος
646 2028 656 2046 ,
677 1999 770 2052 τάχα
793 2001 829 2039 δέ
848 2018 914 2041 που
941 2004 1002 2043 καὶ
1022 2007 1147 2045 πλείο-

121 2074 192 2101 νες·
215 2052 303 2097 εἶδον
323 2059 383 2097 καὶ
403 2060 504 2105 αὑτὸς
526 2064 560 2100 ἐν
579 2062 750 2117 Ἀγὸάρου
771 2070 830 2104 τοῦ
853 2068 1024 2119 βασιλέως
1043 2071 1146 2110 Μάν-

121 2137 179 2159 νου
198 2137 258 2160 του
279 2122 401 2167 παιδὸς
417 2126 522 2164 αὐτοῦ
538 2127 706 2174 πολλάκις
722 2145 764 2168 πε
751 2131 950 2183 ,ιράσαντος
965 2135 1048 2184 εμοῧ
1065 2137 1146 2189 υφη-

120 2200 260 2235 γησαμε
252 2185 336 2226 ’.νου
395 2188 546 2237 Ἰοξότης
574 2191 663 2230 οὕτω
700 2194 807 2238 δεινὸς
835 2199 899 2244 ἠν,
913 2196 1004 2236 ὥστε
1041 2199 1148 2252 θήρας

118 2247 204 2287 ποτὲ
226 2251 310 2299 ἡμῖν
325 2249 428 2299 οὔσης
442 2253 532 2305 ἀμφι
552 2255 774 2308 μεσημὸρίαν
794 2259 1012 2313 (ἐτύγχανον
1035 2263 1071 2302 δὲ
1086 2264 1146 2302 καὶ

123 2310 224 2355 αὐτὸς
248 2315 568 2366 παριππεύων,οὖ
589 2321 779 2398 κυνηγέτης
798 2340 847 2367 τις
874 2325 948 2377 ὢν,
976 2328 1067 2366 αλλὰ
1087 2346 1146 2375 της

116 2374 225 2425 θήρας
253 2378 393 2430 θεατής)
428 2381 564 2433 ἐκπηδᾷ
587 2382 629 2432 μὲ
631 2400 648 2422 ν
677 2384 716 2423 ἔκ
741 2402 831 2431 τινος
858 2390 1047 2442 λοχμης”
1024 2409 1148 2445 αρκτος

129 2440 232 2478 ὓλαία
252 2442 382 2495 φοὸερὰ
404 2448 631 2499 προσελθεῖν,
662 2450 756 2499 δεινή
776 2468 829 2497 τις
853 2455 935 2493 ἰδεῖν
949 2457 1147 2505 ,ἀδύνατος

122 2502 214 2556 τάγα
233 2505 292 2544 καὶ
314 2510 447 2559 βαλεῖν.
504 2510 760 2563 Ἔπτοημενων
779 2517 815 2555 δὲ
835 2519 976 2559 πάντων
997 2525 1058 2569 της
1084 2540 1146 2576 φυ·

122 2567 184 2614 γ’ῆς
227 2569 287 2613 τὰς
333 2572 430 2618 ὁδους
462 2576 480 2612 ὃ
514 2576 655 2622 Μάννος
684 2584 1035 2635 παρακελευσάμενος
1062 2590 1146 2638 ἡμῖν

126 2631 285 2681 θαρρεῖν,
304 2633 418 2674 πάντα
438 2636 495 2674 τὸν
517 2638 659 2691 φόὸον
641 2656 689 2680 οιε
677 2642 775 2682 έλυσε
794 2645 854 2685 δύο
876 2648 926 2699 βε
918 2662 960 2696 Λη
984 2650 1146 2702 βάλλων·

123 2691 199 2736 τους
235 2695 300 2749 (ἂρ
331 2700 523 2752 ΟΦθἌΛμΟυς
555 2707 811 2754 κατατοξεύσας
834 2727 895 2758 της
924 2714 1054 2768 ἄρκτου
1091 2719 1146 2756 Εὖ-

1221 197 1391 259 χείρωτον
1411 203 1574 249 ἐποίησεν
1595 201 1706 250 αὐτὴν
1724 201 1814 253 μηδὲ
1836 201 2035 254 βλέπουσαν
2055 201 2134 247 τοὺς
2151 219 2256 252 κυνη,

1219 270 1334 322 γε’τας.
1391 262 1461 307 ἳἨν
1482 267 1518 305 δὲ
1533 266 1603 319 ἄρα
1618 266 1722 319 σοφὸς
1737 265 1881 315 τοξότης
1893 267 2143 320 Βαρδησάνης,
2162 268 2273 322 εἴπερ

1223 351 1274 379 τις
1301 334 1427 386 ἔτερος.
1485 325 1582 371 Οἶδά
1600 347 1639 370 τε
1659 331 1844 384 ἄνθρωπον
1860 331 2076 377 τοξεύσαντα
2105 325 2162 371 οἷα
2194 334 2260 378 ζω-

1219 398 1349 450 γράφον
1364 426 1375 447 ,
1395 400 1412 435 ὁ
1433 395 1468 435 δὲ
1489 395 1616 449 τρόπος
1635 394 1792 434 τοιόσδε·
1809 394 1918 448 ἄνδρα
1939 395 2156 448 καταντικρύ
2176 412 2262 436 ποτε

1221 463 1347 509 ἔστησε
1371 460 1518 500 νεανίαν
1535 459 1643 498 καλὸν
1663 459 1726 498 καὶ·
1751 459 1948 514 εὔρωστον.
1968 460 2007 500 ὃν
2027 460 2090 500 καὶ
2107 460 2262 515 γραφεὶς

1221 526 1263 565 ἂν
1283 525 1429 572 ἐξέκαμε
1446 525 1678 575 μιμούμενος.
1738 525 1972 577 Προυὸάλετο
1988 526 2024 565 δὲ
2046 525 2112 575 τὴν
2123 527 2261 566 ἀσπίδα

1230 593 1247 629 ὃ
1279 590 1480 634 νεανίσκος·
1500 593 1603 628 τοῦτο
1625 590 1694 643 γὰρ
1727 590 1942 644 προσέταξεν
1974 594 1992 630 ὁ
2025 591 2260 645 Βαρδησοίνης

1225 655 1484 704 ἐνδεικνύμενος
1515 655 1578 700 τὴν
1607 655 1734 707 τέχνην
1760 659 1846 706 ἡμῖν
1871 656 2024 701 θεαταῖς.
2081 655 2128 696 Ὁ
2143 655 2180 695 δὲ
2204 650 2262 695 οἶα

1222 720 1401 772 ζωγράφος
1427 719 1555 771 ἀγαθὸς
1584 720 1642 760 τὸν
1665 720 1864 773 κατέχοντα
1894 720 2086 772 μετέθηκεν
2108 721 2167 761 ἐπὶ
2195 721 2279 769 τὴν

1224 783 1371 822 ἀσπίδα.
1430 783 1583 835 Πρώτην
1607 783 1670 833 μὲν
1691 784 1733 832 δὴ
1756 785 1821 832 τὴν
1839 784 1997 837 κεφαλὴν
2013 783 2182 838 ἔγραφεν,
2203 787 2280 835 ὃρ-’

1222 847 1291 890 θοῒς
1319 845 1436 898 βέλεσι
1456 846 1584 885 κύκλον
1607 849 1764 901 κεφαλῆς
1780 848 2010 900 μιμούμενος.
2071 842 2163 889 Εἶτα
2190 851 2262 888 τῶν

1222 913 1413 965 ὀφθαλμῶν
1432 909 1497 955 τὰς
1518 911 1646 963 βολὰς,
1671 912 1820 964 χειλέων
1843 912 2012 965 ἁρμονίας
2019 942 2032 961 ,
2055 913 2185 968 ῥυθμὸν
2204 929 2264 964 γε·-

1222 975 1340 1024 νείων,
1363 975 1424 1014 καὶ
1452 978 1470 1014 ὃ
1502 976 1623 1020 λοιπὸς
1662 977 1844 1030 ἄνθρωπος
1875 977 2061 1026 ἠκολούθει
2089 981 2133 1032 τῇ
2167 978 2263 1024 τάξει

1222 1043 1282 1078 τοῦ
1312 1039 1489 1090 σώματος.
1548 1040 1594 1080 Ὁ
1625 1041 1662 1080 δὲ
1689 1042 1897 1094 ἐσεμνύνετο
1922 1042 2062 1093 τοξικὴν
2086 1042 2264 1098 γραφικὴν

1224 1105 1408 1144 συλλαὸὼν
1420 1136 1431 1154 ,
1454 1106 1515 1145 καὶ
1540 1106 1684 1160 γράφων
1705 1107 1897 1158 τοξεύμασι
1917 1109 1978 1148 καὶ
2000 1107 2149 1154 τοξεύων
2170 1124 2264 1162 γρα-

1222 1170 1303 1222 φάς.
1363 1169 1635 1222 Ἐθαυμάζομεν
1660 1170 1695 1210 δὲ
1724 1173 1872 1225 ὁρῶντες
1903 1175 1951 1217 ὣς
1970 1173 2162 1224 πολεμικὸν
2192 1175 2266 1213 ἐπι·

1223 1233 1381 1285 τήδευμα
1407 1234 1446 1273 τὸ
1471 1233 1624 1286 τόξευμα
1654 1229 1714 1283 ἦν.
1771 1235 1866 1276 Ἀλλ’
1888 1230 1932 1285 ἦν
1964 1252 1998 1275 τι
2028 1236 2090 1276 καὶ
2117 1237 2264 1290 τερπνὸν

1221 1298 1282 1336 καὶ
1298 1298 1477 1342 ἀκίνδυνος
1493 1298 1616 1347 ἡδονή.
1674 1298 1721 1339 ‘O
1738 1299 1774 1338 δὲ
1791 1298 2032 1349 καταθέμενος
2047 1300 2112 1348 τὴν
2129 1301 2266 1341 ἀσπίδα

1222 1356 1310 1402 εἶδεν
1332 1363 1436 1402 αὑτὸν
1458 1363 1516 1402 ἐπὶ
1544 1366 1606 1402 τοῦ
1627 1364 1756 1404 οἰκείου
1776 1363 1887 1404 ὅπλου
1912 1365 2180 1420 γεγραμμένον,
2205 1365 2268 1406 καὶ
2284 1371 2294 1420 ἶ1

1222 1426 1344 1480 ἔχαιρε
1390 1427 1574 1480 γενόμενος
1604 1430 1857 1481 στρατιωτικὸν
1889 1430 2137 1485 ζωγράφημα·
2165 1422 2294 1485 'roffi-o}

1223 1490 1285 1542 μὲν
1313 1486 1371 1530 οὖν
1394 1491 1467 1545 ἔχω
1487 1493 1684 1544 θαυμάσας.
1742 1495 1887 1549 Σύρμον
1909 1495 1946 1535 δὲ
1976 1495 2012 1534 τί
2037 1495 2080 1535 ἂν
2099 1497 2262 1548 λέγοιμι;
2284 1490 2294 1549 ᾗ

1222 1554 1324 1608 σοφὸς
1351 1556 1412 1594 καὶ
1434 1558 1452 1594 ὃ
1480 1556 1625 1611 Σύρμος
1653 1557 1818 1608 τοξότης,
1841 1561 1880 1599 οὗ
1901 1560 2138 1614 ζωγραφήσας
2159 1559 2294 1613 βέλε-

1222 1635 1294 1670 σιν,
1313 1637 1435 1674 ωσπερ
1456 1625 1474 1660 ὃ
1492 1623 1730 1675 Βαρδησάνης
1748 1641 1784 1663 κ.
1791 1641 1811 1663 τ
1815 1627 1861 1665 λ.

2286 1611 2294 1685 ÷÷

1732 1738 1762 1767 8.

1262 1812 1629 1857 [philosophumenffi
1648 1816 1707 1849 lzb.
1724 1818 1781 1856 VI,
1798 1825 1834 1857 11,
1852 1817 1919 1859 35]

2290 1872 2294 1892 1

1275 1904 1321 1942 Οἱ
1342 1904 1372 1941 δ’
1405 1898 1450 1942 αἶ’]
1475 1904 1544 1943 ἀπὸ
1572 1908 1635 1952 τῆς
1668 1905 1839 1953 ἀνατολῆς
1875 1905 2057 1961 λέγουσιν,
2087 1900 2136 1945 ὧν
2169 1907 2264 1946 ἐστὶν
2291 1908 2294 1942 ¹:

1220 1966 1403 2012 Ἀξιόνικος
1429 1968 1488 2007 καὶ
1522 1970 1791 2022 Βαρδησιάνης,
1811 1969 1865 2008 ὅτι
1885 1971 2125 2020 πνευματικὸν
2154 1965 2198 2019 ἦν
2225 1971 2266 2011 τὸ
2284 1991 2294 2027 .¹

1225 2034 1328 2082 σῶμα
1349 2037 1409 2071 τοῦ
1432 2035 1617 2087 Σωτῆρος·
1647 2037 1796 2087 Πνεῦμα
1827 2035 1895 2089 γὰρ
1924 2033 2047 2087 τἈγιον
2076 2030 2180 2084 ἦλθεν
2205 2036 2267 2076 ἐπὶ

1222 2096 1284 2144 τὴν
1303 2098 1446 2151 Μαρίαν
1463 2130 1474 2148 ,
1498 2100 1676 2139 τουτέστιν
1707 2105 1729 2148 ἡ
1762 2100 1879 2153 Σοφία
1908 2100 1970 2140 καὶ
1994 2104 2016 2149 ἡ
2039 2101 2185 2152 δύναμις
2203 2105 2263 2140 τοῦ
2291 2109 2294 2111 ’

1221 2160 1393 2214 <Υψίστου
1423 2167 1445 2211 ἡ
1475 2165 1709 2218 δημιουργικὴ
1737 2166 1866 2218 τέχνη,
1899 2164 1957 2204 ἵνα
1996 2167 2198 2220 διαπλασθῇ
2225 2166 2266 2205 τὸ

1221 2226 1288 2264 ὑπὸ
1305 2231 1366 2265 τοῦ
1397 2229 1605 2280 Πνεύματος
1623 2233 1666 2281 τῇ
1687 2231 1813 2283 Μαρία
1827 2230 1938 2269 δοθέν.

1730 2341 1759 2370 9.

1262 2429 1619 2474 [ΡΙιὶῖοεορΙιαῃιεηα,
1634 2434 1691 2467 liv.
1709 2436 1783 2477 VII,
1799 2444 1845 2475 111,
1865 2435 1932 2477 31.]

1275 2528 1381 2568 Ἐπεὶ
1402 2530 1436 2568 δὲ
1458 2533 1493 2570 ἐν
1519 2533 1590 2577 τοῖς
1609 2533 1687 2572 καθ’
1706 2537 1804 2585 ἡμᾶς
1821 2533 1960 2588 χρόνοις
1977 2538 2036 2574 νῦν
2056 2535 2195 2575 καινότε
2207 2537 2265 2590 ρόν

1220 2608 1253 2629 τι
1273 2594 1482 2647 ἐπεχείρησε
1506 2599 1783 2650 Μαρκιωνιστής
1803 2615 1855 2643 τις
1884 2599 2040 2652 Πρέπων
2058 2599 2261 2654 Ἀσσύριος,

1219 2657 1306 2709 πρὸς
1331 2660 1580 2712 Βαρδησιάνην
1605 2663 1662 2702 τὸν
1686 2664 1867 2717 Ἀρμένιον
1900 2665 2084 2719 ἐγγράφως
2111 2666 2264 2715 ποιήσας

1218 2721 1341 2772 λόγους
1364 2724 1444 2763 περὶ
1473 2728 1534 2773 τ’ἧς
1564 2726 1755 2780 αἵρέσεως,
1777 2728 1856 2768 οὐδὲ
1885 2733 1986 2769 τοῦτο
2017 2730 2262 2782 σιωπήσομαι.
