2294 3620
24 0 56 75 Q

27 193 82 232 ἶ13
98 206 181 230 mer
201 200 238 230 et
258 204 322 229 sur
337 193 371 228 la
388 199 502 230 terre.
523 206 539 223 »
535 192 608 227 ‘Le
626 191 687 226 roi
704 191 907 239 repliqua:
930 206 946 223 «
963 176 1083 227 Sacbe

21 265 122 302 que
154 260 195 289 tu
219 265 257 288 as
275 251 396 288 rendu
423 250 557 285 inutile
579 250 614 285 le
632 250 768 286 merite
792 249 840 286 de
860 256 914 285 tes
929 250 1086 285 services

23 305 263 362 Ξθιικᾳιιείε
250 322 288 358 Je
306 308 420 346 rends
441 308 698 357 temoignage.
720 310 851 353 Donc,
873 321 922 344 au
940 308 1018 344 lieu
1037 306 1086 343 de

16 407 255 487 {disgraceffi
274 439 324 463 au
340 427 417 462 lIeu
441 425 692 471 d’honneurs,
711 427 750 473 je
772 433 806 462 te
826 426 1020 462 couvrirai
1039 425 1087 461 de

16 489 38 506 “'s
16 486 182 543 (hauteu
204 493 247 522 tu
277 483 429 521 n’auras
460 484 546 532 plus
576 484 616 519 ni
637 484 813 533 charges,
837 485 878 519 ni
901 484 1086 533 dignites,

16 514 138 595 Τέωειὶε
148 545 187 594 je
203 551 241 581 te
257 544 444 580 donnerai
463 541 497 579 la
519 544 677 592 prison,
700 543 766 579 des
787 544 939 579 chaines
958 550 996 580 et
1013 556 1089 580 une

26 601 149 643 ωοτῑ
176 604 351 648 terrible,
371 604 402 639 si
426 609 468 638 tu
498 602 641 638 refuses
669 602 717 638 de
749 602 887 638 rendre
914 615 967 638 un
989 604 1089 639 culte

21 652 120 702 51¹2aux
137 663 338 710 divinites,
357 669 394 698 et
406 668 557 698 surtout
574 662 645 697 ala
664 661 780 697 noble
795 661 906 697 dame
919 662 1086 706 Anahid‚

14 769 22 777 ,
16 722 84 761 la
102 723 223 772 gloire
246 726 285 759 et
303 722 339 758 la
359 722 418 758 vie
447 721 493 757 de
518 728 629 757 notre
649 721 781 756 nation
802 719 879 771 (1),
903 721 970 768 qui
989 733 1011 757 a
1031 722 1088 757 ete

44 782 217 821 honoree
242 794 315 831 par
334 788 420 818 tous
437 782 490 817 lcs
505 781 584 817 rois
604 787 641 817 et
660 793 708 816 en
726 781 948 828 particulier
965 793 1037 829 par
1054 782 1089 818 le

45 998 57 1033 ι
90 951 136 994 (1)
156 951 207 984 ef.
226 951 321 983 Emin
333 976 341 991 ‚
357 948 569 983 Becher-ekes
593 957 656 982 sur
674 949 707 981 le
723 957 805 990 paq:
822 958 928 989 arm„
943 957 977 991 p.
996 951 1029 982 11
1051 948 1093 981 de

15 1035 20 1095 J
58 998 336 1088 &gaal-gaam,
355 1043 653 1078 l'Ahura-Madza
673 1042 717 1075 du
738 1043 969 1076 Zend-Avesta
981 1067 990 1083 ,
1007 1044 1090 1075 Oro-

10 1129 14 1134 ,
46 1094 174 1134 mazes,
190 1092 336 1125 Ormuzd
354 1101 399 1124 ou
415 1091 548 1123 Ormizd
569 1091 628 1124 des
647 1090 879 1123 occidentaux.
899 1092 961 1122 Les
979 1090 1092 1122 Arme-

8 1176 17 1181 „
45 1141 139 1174 niens
156 1141 204 1174 lui
225 1140 403 1177 donnaient
424 1139 456 1172 le
477 1139 557 1171 titre
583 1139 623 1171 de
640 1138 732 1180 pere
748 1139 806 1170 des
823 1138 954 1177 dieuoe,
971 1138 1005 1169 et
1028 1136 1087 1169 Γό-

0 1260 31 1302 s*
45 1276 109 1301 σω
130 1261 309 1310 δυνάμεως
328 1258 531 1303 ἐδοίλευσάς
552 1273 611 1308 μοι
631 1255 877 1309 εὐγνωμόνως,
898 1255 959 1293 καὶ
975 1258 1090 1307 ηὐχα-

49 1322 185 1376 ρίστουν
204 1324 278 1363 τοῖς
295 1319 483 1368 καμάτοις.
542 1315 606 1355 Διο
625 1309 719 1368 εἶχον
747 1318 781 1353 ἐν
810 1318 854 1367 τῇ
876 1317 973 1367 ψυχῇ
1002 1316 1089 1353 ἀπο-

46 1379 165 1432 δουναί
198 1395 252 1418 σοι
284 1377 348 1424 τὴν
368 1377 496 1430 χάριν·
513 1375 570 1414 ἵνα
597 1375 632 1414 τί
661 1378 720 1413 οὖν
748 1375 787 1412 οὗ
813 1379 923 1417 ποιεῖς
944 1373 984 1411 τὸ
1003 1375 1088 1424 ἐμου

46 1429 206 1489 θέλημα;
224 1435 437 1489 Ἀποκριθεὶς
451 1435 487 1475 δὲ
501 1437 531 1474 Ι
535 1433 693 1487 ρηγόριος
706 1464 716 1482 ,
730 1436 838 1471 εἶπεν·
852 1431 1059 1471 Ἰέκέλευσεν
1073 1435 1091 1470 ὃ

45 1499 149 1546 Θεος,
159 1496 217 1536 ἵνα
229 1512 260 1535 οι
247 1497 413 1535 δοῦλοι“
400 1496 603 1546 υποταγῶσι
619 1495 691 1537 τοῖς
705 1497 881 1544 σαρκικοῖς
894 1491 1091 1540 δεσπόταις,

44 1556 163 1601 καθὼς
181 1556 314 1609 πρέπον
336 1554 443 1603 ἐστιν,
465 1556 510 1598 ὡς
531 1553 591 1591 καὶ
617 1552 719 1596 αὐτὸς
737 1555 926 1604 μαρτυρεῖς
948 1565 1027 1601 μοι,
1046 1553 1093 1594 ὡς

47 1614 238 1657 ἐδούλευσά
257 1630 311 1654 σοι
331 1614 365 1659 ἐξ
384 1613 467 1660 ὅλης
487 1628 553 1662 μου
572 1628 637 1659 της
658 1610 792 1662 ἰσχύος.
821 1608 954 1661 εὈμως
972 1609 1008 1648 δὲ
1027 1609 1091 1656 τὴν

45 1681 107 1716 τοῦ
123 1678 217 1716 Θεου
243 1673 351 1726 τιμὴν
374 1672 435 1712 καὶ
451 1670 616 1724 λατρείαν
638 1669 733 1708 οὐδὲν
752 1669 881 1714 ἔξεστιν
903 1670 1093 1708 ἀποδουναι

44 1739 89 1790 (l.
124 1734 194 1774 οὔδ’
216 1733 327 1773 ἔνεστι
362 1731 580 1786 προδουναι).
618 1729 729 1802 Αὖτρς
765 1727 832 1781 γάρ
866 1730 960 1767 ἐστιν
990 1728 1093 1779 μόνος

48 1794 199 1842 ποιητὴς
218 1795 366 1846 οὗρανου
386 1790 447 1829 καὶ
467 1788 626 1842 ἀγγέλων
645 1787 706 1827 καὶ
730 1790 793 1840 γῆς
814 1786 875 1825 καὶ
898 1787 1091 1839 ἀνθρώπων

49 1854 109 1894 καὶ
130 1853 270 1891 πάντων
291 1853 428 1904 ὁρατῶν
447 1865 485 1887 τε
508 1847 569 1887 καὶ
593 1846 751 1900 ἀοράτων
774 1846 1000 1897 κτισμάτων
1022 1848 1091 1883 τῶν

49 1912 260 1967 ὀφειλόντων
290 1914 498 1964 προσκυνεῖν
529 1907 632 1946 αὐτὸν
654 1906 712 1945 καὶ
731 1904 928 1961 λατρεύειν
988 1904 1031 1943 Ὁ
1058 1904 1094 1942 δὲ

51 1970 252 2025 βασιλευς”
235 1985 323 2023 εφη·
336 1968 378 2008 Γ
368 1983 494 2007 ινωσκε
512 1966 566 2005 ὅτι
584 1964 790 2011 ἀπεποιήσω
812 1964 870 2003 τὸν
891 1979 949 2002 σον
970 1962 1092 2012 κόπον,

49 2032 86 2071 ὃν
109 2030 188 2082 ἐμοι
208 2028 447 2075 κεκοπίακας,
465 2029 511 2070 ὡς
531 2024 601 2077 ἐγὼ
622 2026 803 2099 μαρτυρῶ.
863 2025 938 2063 Νῦν
961 2022 996 2060 δὲ
1018 2023 1095 2060 ἀντὶ

50 2106 154 2141 τιμης
171 2086 368 2138 ἐπιτίθημί
397 2102 452 2125 σοι
480 2085 612 2139 θλίψιν,
634 2084 694 2123 καὶ
721 2083 797 2122 ἀντὶ
831 2081 930 2130 δόξης
951 2080 1095 2133 ἀτιμίαν

49 2150 110 2190 καὶ
140 2148 217 2187 ἄντι
237 2147 436 2198 ἀξιώματος
461 2144 621 2199 φυλακην
649 2160 710 2182 και
743 2141 880 2193 δεσμὰ,
900 2141 959 2179 καὶ
992 2140 1096 2178 αὐτὸν

50 2225 109 2248 τον
130 2208 277 2248 θάνατον
296 2207 352 2245 τὸν
380 2204 630 2243 ἀποκόπτοντα
651 2202 767 2245 πάσας
785 2201 847 2246 τὰς
866 2199 1010 2243 ἐλπίδας
1025 2201 1096 2239 τῶν

52 2268 259 2320 ἀνθρώπων,
272 2266 331 2304 ἐὰν
348 2264 396 2316 μὴ
411 2265 541 2302 καταδε
528 2263 584 2316 ’ξῃ
603 2267 673 2306 τοῖς
692 2261 780 2306 θεοῖς
800 2258 967 2312 λατρείαν
983 2273 1096 2310 προσ-

52 2327 184 2381 φέρειν,
211 2325 366 2401 μᾱάλιστα
388 2323 497 2375 ταύτῃ
523 2324 566 2373 τῇ
589 2321 725 2372 μεγάλῃ
746 2318 943 2371 Ἀρτέμιδι,
967 2320 1011 2368 τῇ
1039 2317 1098 2355 δε-

53 2385 203 2438 σποίνῃ,
224 2384 302 2432 ἥτις
329 2381 403 2422 ἐστι
426 2380 507 2426 δόξα
532 2397 581 2432 τῳ
613 2379 775 2431 ἡμετέρῳ
807 2377 898 2430 γένει
919 2375 980 2415 καὶ
1008 2390 1097 2414 σωο-

53 2448 170 2489 ποιός·
191 2444 233 2492 ἣν
252 2443 313 2482 καὶ
331 2443 484 2494 βασιλεῖς
503 2440 631 2482 πάντες
650 2442 800 2489 τιμῶσι,
821 2436 883 2475 καὶ
903 2435 1094 2486 μάλιστα(
1080 2448 1098 2473 ο·

56 2503 219 2557 βασιλευς
253 2505 323 2541 τῶν
350 2500 547 2547 εΕλλήνων.
604 2497 738 2549 Μήτηρ
770 2496 837 2549 γάρ
876 2497 949 2534 ἐστι
986 2493 1100 2541 πάσης

54 2562 306 2618 σωφροσύνης,
329 2577 389 2600 και
414 2558 658 2613 φιλάνθρωπος
677 2560 720 2609 τῇ
748 2554 948 2608 ἀνθρωπίνῃ
971 2553 1097 2607 φύσει,

54 2623 116 2662 καὶ
138 2622 298 2683 γέννημα
323 2623 385 2659 τοῦ
407 2618 562 2670 μεγάλου
582 2633 643 2655 και
662 2615 824 2668 ἐναρέτου
842 2612 935 2656 Διός.

111 2684 133 2733 §
155 2683 220 2722 23.
246 2673 336 2720 Eine
358 2680 394 2718 δὲ
417 2677 626 2730 Γρηγόριος·
648 2673 767 2726 Ἐγὼ
761 2673 823 2711 μέν
846 2687 900 2711 σοι
925 2673 959 2709 ἐν
984 2670 1099 2709 εὐνοία

55 2740 276 2787 κεκοπίακα,
298 2754 359 2778 και
378 2739 440 2776 οὐκ
463 2737 503 2774 ἄν
524 2750 608 2774 ποτε
629 2735 697 2806 ἐγὼ
718 2733 817 2775 αὐτὸς
843 2733 910 2768 τῶν
941 2732 1094 2779 ἐμαυτοῦ

55 2801 173 2839 κόπων
188 2800 225 2851 (l.
238 2798 297 2837 τὸν
309 2800 365 2848 ἐμ.
377 2794 734 2846 κόπον)ἀποποιήσω,
743 2789 820 2830 οὐδὲ
837 2789 997 2836 ἀθετήσω
1008 2786 1100 2826 κατὰ

56 2859 97 2898 τὸ
111 2857 298 2910 διαταχθὲν
311 2855 410 2908 παρὰ
423 2869 482 2893 του
496 2855 588 2892 Θεοῦ
600 2851 772 2891 δουλεύειν
788 2854 965 2902 σαρκικοῖς
978 2846 1101 2886 δεσπό-

55 2934 146 2962 ταις.
163 2918 257 2956 Ἀλλ’
274 2915 366 2955 ἔστιν
381 2913 554 2966 Κύριος,δ
569 2927 636 2950 των
659 2912 799 2962 ἀγαθων
821 2905 1097 2958 μισθαποδότης.

41 2977 148 3017 ·Οὗδὲ
178 2975 245 3028 γὰρ
266 2974 336 3024 ἐγὼ
356 2973 453 3024 παρὰ
471 2987 531 3010 σου
559 2970 698 3010 ἐδόκουν
725 2967 919 3008 ἀπολαὸεῒν
944 2981 999 3013 τι,
1023 2964 1101 3003 ἀλλ’

59 3035 130 3074 ἀπὸ
146 3038 206 3074 τοῦ
223 3048 390 3080 ποιητου,
401 3048 440 3070 ου
459 3031 544 3068 εἰσιν
559 3027 670 3082 ὁρατὰ
684 3027 778 3066 καὶ’
760 3026 892 3078 αόρατα
904 3024 1096 3074 κτίσματα.

61 3095 152 3148 Περὶ
178 3093 214 3133 δὲ
239 3096 288 3131 ὧν
311 3091 424 3143 λέγεις
443 3089 557 3141 θλίψιν
586 3103 645 3138 μοι
672 3089 839 3125 επιθεῖναι
873 3084 949 3123 ἀντὶ
981 3085 1102 3133 τιμῆς,

58 3156 254 3228 προστιθεῖς
274 3166 333 3202 μοι
349 3149 413 3196 τὴν
434 3152 495 3187 τοῦ
514 3149 671 3199 Χριστου
692 3143 958 3196 ἡτοιμασμένην
976 3143 1102 3194 εὐφρο-

62 3213 184 3264 σύνην,
203 3206 241 3250 ου
258 3214 280 3258 ἡ
304 3207 489 3249 δεσποτεία
520 3205 663 3253 αἰωνία,
684 3204 744 3243 καὶ
770 3207 793 3251 ἡ
823 3201 987 3255 βασιλεία
1015 3200 1104 3247 ἅλη-

63 3287 160 3320 κτος,
179 3270 241 3309 καὶ
261 3269 305 3308 τὰ
326 3266 440 3320 ἀγαθὰ
461 3265 717 3312 ἀκατάληπτα·
739 3264 799 3301 καὶ
829 3260 883 3299 ὅτι
903 3260 979 3298 ἀντὶ
1006 3257 1104 3306 δόξης

64 3330 146 3384 ἔφης
167 3329 308 3381 ἀτιμίαν
328 3331 443 3379 ἐπαγα
446 3342 496 3378 γιε
489 3341 532 3374 .,ν
552 3325 657 3367 ὄντως
674 3321 880 3375 προξενεῖς
874 3335 932 3358 μοι
954 3319 1017 3366 τὴν
1034 3333 1101 3356 των

26 73 54 177 Q
587 111 603 126 ·-
655 100 893 140 HISTOIRE
922 100 992 140 Du
1020 87 1196 139 REGNE
1227 99 1296 138 DE
1325 99 1586 140 TIRIDATE.

16 359 196 434 &savem-s
215 381 289 418 que
310 376 351 404 tu
376 368 477 404 avais
497 367 670 403 meiitees
682 396 692 415 ,
707 365 749 417 je
769 367 1016 416 multiplierai
1033 374 1087 403 tes
1112 388 1119 396 ·

2122 109 2197 146 127

1155 188 1395 224 bienfaitrice
1427 188 1479 225 du
1505 202 1620 238 genre
1654 191 1828 236 humain,
1849 201 1885 228 et
1913 193 1988 231 fille
2008 195 2061 231 du
2080 196 2202 245 grand

1158 254 1195 283 et
1217 247 1294 283 fort
1313 247 1501 285 Aramazd
1517 248 1584 298 (2).
1605 265 1621 280 »ι

1213 305 1251 356 [§
1272 306 1354 357 23.]
1376 307 1559 356 Gregoire
1578 309 1725 355 reprit:
1748 323 1763 340 «
1796 309 1839 344 Je
1859 307 1923 344 t'ai
1953 311 2040 347 obei
2074 319 2203 349 autaut
2227 305 2231 310 ⁴

1160 366 1253 416 qu'il
1269 367 1361 402 etait
1379 378 1427 402 en
1445 367 1547 412 moi;
1565 366 1604 413 je
1628 366 1703 402 n'ai
1724 379 1791 415 pas
1807 368 1932 415 perdu
1951 369 1986 404 le
2000 371 2134 406 merite
2155 372 2204 408 de

1159 438 1237 462 mes
1267 425 1449 473 services,
1467 426 1631 473 puisque
1653 425 1688 460 le
1709 425 1891 474 Seigneur
1908 439 1929 462 a
1944 429 2105 475 prescrit
2123 429 2205 464 d'o-

1160 485 1244 521 heir
1259 496 1333 520 aux
1353 486 1508 521 maitres
1533 484 1580 521 de
1596 485 1633 520 la
1654 491 1770 522 terre.
1788 486 1898 521 Donc
1918 485 2007 521 c’est
2022 487 2120 522 Dieu
2139 489 2206 535 qui

1160 545 1406 593 recompense
1427 544 1629 580 lui—meme
1651 544 1704 579 les
1721 544 1898 581 services,
1918 545 1939 580 J
1943 555 1962 579 e
1981 543 2206 582 n’attendais

1163 615 1310 640 aucune
1319 604 1566 652 recompense
1582 603 1629 639 de
1647 603 1724 650 toi,
1739 603 1832 638 mais
1853 602 1901 638 de
1920 615 2012 638 mon
2026 603 2207 639 Createur

1163 663 1210 699 de
1231 664 1296 711 qui
1317 663 1539 712 dependent
1558 670 1645 699 tous
1675 663 1730 699 les
1751 662 1848 699 eires
1869 662 2019 698 visibles
2040 668 2078 697 et
2108 661 2206 696 invi-

1161 723 1281 758 sibles.
1293 724 1448 770 Quanta
1458 735 1500 759 ce
1512 735 1587 771 que
1604 730 1645 758 tu
1658 735 1719 758 me
1734 722 1802 768 dis,
1817 734 1892 770 que
1906 729 1950 757 tu
1963 721 2210 769 multiplieras

15 837 21 841 γ’
1125 810 1129 819 .
1161 795 1236 818 mes
1257 782 1444 831 disgraces
1462 795 1510 818 au
1532 782 1607 818 lieu
1626 782 1674 818 de
1696 781 1860 817 doubler
1878 793 1957 817 mes
1975 780 2125 816 faveurs
2137 806 2147 824 ‚
2163 782 2211 815 en

12 846 33 894 ἓ
47 845 108 883 roi
135 842 201 880 des
223 842 435 888 Grecs3car
449 841 519 877 elle
545 847 600 876 est
612 839 717 876 mere
735 839 783 876 de
804 845 911 876 toute
924 840 1085 890 science,
1125 821 1132 882 Q

1163 854 1223 877 me
1242 842 1396 890 privant
1413 841 1461 878 de
1482 849 1579 878 cette
1595 842 1656 878 vie
1668 869 1678 887 ‚
1694 847 1736 877 tu
1758 846 1979 890 augmentes
1997 840 2035 875 la
2047 838 2127 886 joie
2144 838 2211 887 qui

1166 949 1293 991 pithete
1313 950 1355 983 de
1385 950 1500 992 qrcmd
1517 951 1552 983 et
1578 949 1668 992 sort,
1693 949 1860 983 cre‘ateur
1884 948 1934 981 du
1962 948 2028 980 ciel
2052 949 2086 980 et
2110 947 2212 981 dela

1166 999 1278 1038 terre,
1288 997 1498 1039 produisanc
1509 998 1545 1030 la
1555 997 1706 1040 fertilitc
1718 999 1751 1030 et
1766 996 2010 1030 l‘abondance.
2019 997 2082 1028 Les
2097 997 2210 1036 Grecs‚

1163 1044 1220 1084 qui
1238 1045 1370 1077 avaient
1385 1055 1429 1077 un
1448 1047 1528 1088 gout
1542 1045 1787 1087 tres-prononce
1803 1054 1886 1086 pour
1901 1044 1950 1077 les
1966 1042 2210 1083 assimilations‚

1163 1094 1222 1123 ont
1250 1093 1397 1125 identilie
1413 1093 1575 1126 Aramazd
1591 1094 1611 1126 a
1627 1094 1702 1130 Ζεύς
1721 1093 1829 1135 (Emin
1841 1118 1850 1133 ,
1871 1090 1970 1124 Rech.
1993 1099 2055 1124 sur
2075 1091 2108 1124 le
2124 1099 2210 1133 pay.

1164 1148 1274 1181 arm„
1294 1150 1327 1181 p.
1349 1145 1368 1173 9
1388 1143 1422 1173 et
1441 1141 1554 1182 suiv.).

1162 1258 1241 1291 totis
1250 1258 1380 1292 viribus
1394 1259 1547 1301 bonaque
1568 1260 1739 1292 voluntate
1752 1259 1832 1291 mihi
1844 1258 2020 1298 servivisti,
2034 1260 2067 1291 et
2082 1258 2211 1292 labores

1162 1327 1273 1370 accepi
1292 1328 1402 1360 animo
1431 1328 1581 1370 benigno.
1628 1330 1837 1370 Quapropter
1853 1328 1885 1359 in
1914 1327 2024 1360 anima
2047 1327 2210 1360 habebam

1164 1396 1225 1428 tibi
1244 1397 1384 1437 gratiam
1402 1397 1539 1429 referre.
1584 1397 1630 1428 Ut
1649 1396 1730 1437 quid
1746 1395 1848 1437 igitur
1864 1405 1928 1427 non
1943 1395 2074 1437 perficis
2090 1395 2209 1428 volun-

1162 1466 1265 1499 tatem
1277 1469 1408 1498 meam?
1419 1465 1631 1507 Respondens
1640 1472 1720 1499 vero
1731 1465 1919 1507 Gregorius,
1931 1464 2016 1498 dixit
2030 1476 2038 1497 2
2052 1464 2212 1507 Praecepit

1164 1536 1275 1575 Deus,
1302 1535 1342 1567 ut
1368 1534 1454 1567 servi
1482 1533 1699 1574 subjiciantur
1726 1532 1869 1566 dominis
1899 1532 2104 1572 carnalibus,
2127 1531 2213 1564 sicut

1165 1602 1277 1642 decet3
1296 1601 1577 1644 quemadmodum
1594 1601 1664 1644 ipse
1681 1601 1765 1636 mihi
1785 1601 1939 1642 testaris,
1957 1601 2050 1643 quod
2063 1599 2126 1634 tibi
2142 1609 2212 1633 ser-

1164 1667 1307 1701 viverim
1333 1677 1375 1701 ex
1405 1669 1475 1700 tota
1503 1667 1628 1700 virtute
1654 1676 1738 1700 mea.
1784 1668 2024 1700 Verumtamen
2050 1666 2214 1699 nonlicet

1165 1735 1225 1768 Dei
1242 1736 1400 1767 honorem
1420 1736 1454 1767 et
1477 1734 1604 1767 cultum
1624 1734 1691 1766 ullo
1713 1733 1814 1765 modo
1838 1733 1988 1774 prodere.
2033 1735 2108 1773 Ipse
2124 1732 2213 1764 enim

1166 1804 1256 1836 solus
1272 1804 1324 1836 est
1340 1803 1467 1835 creator
1489 1801 1564 1834 coeli
1580 1802 1614 1834 et
1638 1801 1847 1843 angelorum,
1861 1801 2027 1840 terraeque
2051 1799 2085 1831 et
2106 1797 2212 1829 homi·

1166 1880 1262 1911 num,
1275 1869 1521 1910 visibiliumque
1535 1868 1685 1901 omnium
1699 1869 1733 1900 et
1743 1866 1960 1899 invisibilium
1970 1866 2196 1899 creaturarum
2205 1891 2213 1905 ,

1166 1947 1241 1980 quae
1271 1937 1496 1970 adorationem
1524 1935 1587 1978 ipsi
1614 1935 1738 1968 debent
1766 1935 1801 1967 et
1828 1932 2035 1966 servitutem.
2079 1933 2122 1965 At
2156 1940 2217 1964 rex

1166 2005 1251 2038 dixit
1263 2017 1270 2037 ;
1282 2004 1428 2046 Intellige
1440 2030 1448 2045 ,
1464 2003 1596 2036 irritum
1611 2002 1728 2035 fecisse
1744 2002 1778 2034 te
1794 2000 1954 2040 laborem,
1964 2008 2030 2041 quo
2047 1998 2130 2031 mihi
2147 2007 2216 2030 ser-

1166 2072 1294 2113 vivisti,
1311 2073 1350 2104 ut
1375 2080 1434 2112 ego
1459 2071 1573 2103 testor.
1619 2070 1715 2101 Nunc
1733 2077 1812 2100 vero
1841 2076 1900 2109 pro
1928 2066 2052 2098 honore
2077 2064 2216 2097 inseram

1167 2142 1230 2175 tibi
1246 2149 1400 2183 angores,
1413 2148 1473 2181 pro
1496 2138 1599 2181 gloria
1614 2136 1843 2180 ignominiam,
1858 2145 1918 2178 pro
1934 2134 2093 2177 dignitate
2106 2141 2213 2165 carec-

1163 2218 1240 2254 „rem
1256 2209 1290 2240 et
1306 2206 1438 2239 vincula
1449 2232 1457 2246 ,
1472 2205 1642 2246 ipsamque
1655 2205 1796 2236 mortem
1810 2228 1820 2243 ‚
1834 2211 1901 2243 qua
1913 2209 2029 2234 omnes
2045 2199 2217 2231 hominum

1170 2287 1245 2320 spes
1265 2275 1504 2308 abscinduntur
1515 2285 1524 2314 3
1537 2273 1601 2306 nisi
1615 2272 1778 2314 receperis
1795 2271 1944 2304 divinum
1959 2270 2087 2302 cultum
2099 2270 2133 2301 te
2147 2267 2218 2300 deis

1170 2346 1382 2384 oblaturum,
1398 2341 1584 2384 praesertim
1607 2349 1734 2381 magnae
1761 2339 1837 2371 huic
1861 2336 2023 2370 Artemidi
2051 2334 2215 2373 dominae,

1171 2423 1246 2456 quae
1264 2412 1374 2455 generi
1392 2412 1504 2443 nostro
1523 2411 1556 2442 et
1576 2409 1687 2451 gloriae
1702 2408 1753 2440 est
1768 2408 1802 2439 et
1819 2405 1916 2438 saluti
1933 2417 1941 2437 z
1960 2413 2062 2446 quam
2076 2404 2110 2436 et
2124 2411 2217 2445 reges

1172 2489 1285 2514 omnes
1305 2479 1437 2518 colunt,
1451 2479 1485 2510 et
1502 2476 1644 2509 maxime
1668 2483 1724 2507 rex
1744 2475 1946 2505 Graecorum.
1992 2469 2107 2502 omnis
2127 2469 2215 2502 enim

1173 2547 1343 2590 sapientiae
1363 2547 1414 2578 cst
1436 2547 1551 2584 mater,
1570 2543 1774 2584 benignaque
1793 2541 1827 2572 in
1850 2541 2030 2572 humanam·
2043 2538 2194 2570 naturam
2207 2561 2216 2577 ,

1173 2618 1206 2649 et
1218 2614 1389 2658 progenies
1403 2611 1513 2652 magni
1528 2609 1690 2651 fortisque
1706 2610 1725 2640 J
1727 2616 1808 2640 Ovls

1214 2675 1233 2717 ξ
1255 2678 1304 2707 23.
1327 2675 1452 2705 Verum
1479 2669 1655 2711 Gregorius
1672 2667 1776 2700 dixit:
1795 2668 1862 2708 Ego
1886 2664 2021 2707 quidem
2046 2664 2133 2697 bona
2154 2671 2215 2695 vo-

1171 2746 1298 2779 luntate
1316 2752 1376 2785 pro
1396 2743 1430 2774 te
1449 2739 1619 2777 laboravi,
1646 2739 1680 2771 et
1704 2745 1872 2777 nunquam
1891 2743 1952 2776 ego
1974 2734 2045 2775 ipse
2071 2733 2217 2766 laborem

1171 2827 1286 2850 meum
1314 2814 1497 2854 recusabo,
1532 2819 1640 2852 neque
1678 2808 1839 2851 negligam
1873 2805 2055 2838 secundum
2088 2803 2218 2836 Domini

1980 2878 2021 2910 At
2058 2877 2110 2909 est
2147 2877 2218 2908 Do-

1173 2960 1282 2992 minus
1294 2983 1302 2999 ,
1313 2957 1374 3000 qui
1389 2957 1552 2989 bonorum
1568 2954 1620 2986 est
1637 2950 1878 2985 remunerator.
1922 2949 2037 2988 Neque
2051 2945 2139 2979 enim
2153 2953 2172 2976 a
2185 2945 2220 2977 te

1172 2890 1376 2933 praeceptum
1409 2885 1531 2919 servire
1559 2882 1700 2916 dominis
1735 2879 1934 2913 carnalibus.

1174 3031 1299 3074 aliquid
1317 3029 1465 3070 accipere
1481 3025 1640 3068 cogitavi,
1656 3023 1715 3056 sed
1733 3031 1753 3055 a
1769 3022 1926 3054 creatore
1938 3044 1946 3060 ‚
1962 3018 2056 3060 cujus
2074 3017 2152 3050 sunt
2167 3015 2219 3048 vi-

1175 3103 1287 3137 sibiles
1315 3100 1561 3140 invisibilesque
1589 3096 1763 3129 creaturae.
1809 3092 1906 3131 Quod
1942 3090 2043 3129 dicis,
2075 3088 2157 3122 velle
2185 3087 2218 3120 te

1174 3173 1256 3206 mihi
1277 3182 1335 3214 pro
1360 3171 1484 3203 honore
1513 3175 1651 3210 angores
1679 3165 1817 3203 inferre,
1837 3170 1935 3204 anges
1963 3159 2044 3193 mihi
2070 3158 2216 3191 laetitimr

1175 3246 1393 3289 praeparatam
1418 3252 1437 3276 a
1462 3242 1612 3281 Christo,
1629 3239 1726 3280 cujus
1751 3235 1931 3270 dominatio
1959 3235 2085 3268 aeterna
2098 3257 2107 3274 ,
2126 3232 2218 3274 eujus

1175 3327 1311 3361 regnum
1326 3316 1524 3358 perpetuum
1562 3312 1656 3354 cujus
1674 3310 1760 3343 bona
1776 3304 2118 3349 incomprehensibilia
2131 3303 2218 3336 sunt.
