2294 3620
671 121 913 162 HISTOIRE
945 119 1016 159 Du
1044 108 1219 160 REGNE
1249 118 1317 158 DE
1347 119 1601 158 TnnDATE.
2137 126 2204 163 144

53 219 102 257 dc
132 215 485 266 moi.Cependant,
509 214 539 249 si
572 225 611 248 sa
641 212 780 248 beaute
816 219 854 248 te
892 211 1106 255 eharmait,

52 277 221 328 garde-la
233 304 244 323 ,
276 288 341 312 car
366 287 418 310 on
444 273 506 310 n'a
529 271 662 319 jainais
692 272 897 307 rencontre
929 271 1018 307 chez
1046 270 1100 305 les

53 336 169 375 Grecs
185 348 261 372 une
273 334 411 371 beaute'
429 333 496 381 qni
512 332 566 367 lui
587 331 661 366 soit
678 330 934 379 compat-able.
954 330 1037 366 sois
1053 342 1100 366 en

51 396 141 446 paix
154 407 247 432 avec
261 395 297 430 le
310 393 410 430 culte
427 391 493 428 des
510 391 622 427 dieux
633 397 670 425 et
686 402 778 426 avec
794 396 899 426 toute
915 389 1067 426 felicite.
1083 404 1099 421 »

526 541 612 577 XV.

110 683 146 738 [S
167 683 252 734 69.]
274 684 368 721 Or-il
389 683 516 719 arriva
533 682 710 731 qu'apres
735 683 845 718 avoir
862 683 942 731 pris
959 682 1105 718 lecture

54 746 103 783 de
126 752 186 781 cet
205 744 305 792 edit,
322 743 358 779 16
377 744 438 779 roi
456 742 585 778 donna
613 742 770 778 aussitdt
790 741 853 777 des
884 740 1016 778 ordres
1035 740 1104 777 -se-

17 827 19 829 ·
53 803 162 841 veres
179 814 282 851 pour
301 800 420 850 qu'on
440 801 485 836 fit
515 813 598 836 sans
626 800 756 836 tarder
784 799 850 836 des
880 800 1104 839 recherches

17 893 20 898 .
53 863 147 900 dans
177 869 263 898 tous
293 862 346 897 les
381 873 474 909 pays
503 861 645 896 soumis
671 862 691 895 a
720 872 758 895 sa
788 859 1041 895 domination.
1068 859 1102 894 Il

12 954 18 967 ,·
55 921 217 971 expedia
237 920 303 956 des
322 932 528 968 messagers
558 919 606 955 de
635 919 831 955 differents
859 919 979 963 cotes,
1000 930 1103 968 pour

57 980 178 1030 qu’on
198 980 252 1016 lui
279 979 429 1015 amenat
456 979 507 1014 les
532 978 709 1027 fugitives
736 979 893 1014 aussitet
917 978 1036 1027 qu'on
1051 978 1104 1014 les

55 1040 180 1076 aurait
191 1039 378 1085 trouvees‚
391 1045 427 1074 et
439 1039 465 1073 il
474 1039 619 1086 promit
629 1050 677 1073 en
685 1038 934 1085 recompense
945 1037 1011 1073 des
1021 1037 1105 1086 pre-

57 1106 157 1136 sents
175 1097 440 1147 magnifiques.
458 1096 631 1133 Pendant
647 1097 758 1144 qu’ils
782 1095 1104 1145 s'empressaient,

7 1183 9 1185 ·
57 1171 130 1195 aux
154 1156 299 1194 confins
328 1157 375 1193 de
406 1157 611 1207 l'Armenie
625 1184 635 1201 ‚
656 1156 749 1192 dans
768 1155 924 1204 l'espoir
941 1155 989 1191 de
1003 1168 1105 1191 sem-

56 1218 203 1254 blables
218 1229 437 1266 promesses,
451 1228 512 1251 ces
533 1216 668 1251 saintes
683 1222 870 1262 martyres
886 1227 923 1250 se
942 1216 1108 1251 tenaient

61 1277 216 1313 cachees
239 1275 333 1312 dans
360 1277 398 1311 la
425 1276 514 1310 ville
543 1275 672 1322 royale
697 1274 744 1310 de
770 1274 1106 1323 Vagharschabad,

9 1361 11 1365 -
58 1335 218 1385 capitale
242 1327 304 1371 'du
336 1346 531 1383 royaume.
550 1334 628 1369 Peu
657 1333 705 1369 (16
732 1333 842 1380 jours
868 1333 992 1382 apres,
1020 1333 1040 1369 a
1073 1334 1108 1369 la

15 1408 19 1414 ‘
58 1396 153 1431 suite
178 1394 226 1431 de
238 1394 471 1430 ‘recherches
501 1394 750 1437 incessantes,
773 1393 861 1429 elles
889 1393 1016 1429 furent
1043 1393 1108 1429 de·

59 1462 269 1491 convertes.
278 1481 287 1491 .
294 1482 303 1491 .
313 1482 321 1491 .
331 1482 340 1490 .

62 1586 167 1627 σαντό
189 1603 246 1637 με.
304 1584 367 1625 Διὸ
387 1583 447 1622 καὶ
467 1583 530 1632 τὴν
551 1583 676 1637 τροφὸν
698 1585 789 1633 μετὰ
809 1586 871 1630 τῆς
887 1584 1039 1628 νεάνιδος
1060 1587 1107 1628 εἷς

59 1646 104 1685 τὰ
123 1645 212 1699 μέρη
230 1648 293 1693 τῆς
312 1642 481 1697 ὑμετέρας
507 1642 712 1686 δεσποτείας
738 1642 1010 1696 προπέμψαντες
1025 1645 1108 1697 ἐφυ-

59 1706 247 1758 γάδευσαν.
305 1705 459 1756 Φροντὶς
490 1697 549 1743 οῧν
583 1718 634 1742 σοι
668 1702 836 1755 γένηται,
861 1702 990 1756 ἀδελφέ
1014 1720 1106 1754 μου,

61 1768 211 1813 ζητῆσαι
233 1767 267 1803 ἐν
290 1763 432 1807 ἐκενοις
451 1763 523 1806 τοῖς
556 1761 700 1814 μέρεσι,
724 1763 784 1800 καὶ
817 1764 930 1815 εὑρεῖν
959 1761 1004 1800 τὰ
1027 1762 1109 1814 ἴχνη

62 1827 198 1870 αὐτῶν,
228 1822 289 1861 καὶ
320 1821 383 1865 τὰς
410 1822 487 1871 μετ’
506 1822 613 1866 αὖτῆς
642 1819 718 1871 ἅμα
746 1823 790 1873 τῇ
821 1822 940 1874 τροφῷ
972 1822 1111 1873 θανάτῳ

63 1882 286 1931 ἀπαλλάξαι,
306 1880 367 1919 καὶ
386 1881 449 1927 τὴν
468 1881 709 1926 ἀπατηθεῖσαν
728 1881 863 1926 θεοειδῆ
882 1878 971 1933 [καὶ]
989 1882 1113 1932 εὐμορ-

63 1941 216 1997 φοτάτην
233 1941 311 1991 ἐμοὶ
332 1940 451 1978 ἐνθάδε
467 1940 693 1977 ἀποστεῖλαι.
752 1940 797 1978 Ei
819 1937 854 1977 δὲ
870 1938 987 1991 ἀρέσει
1005 1955 1060 1978 σοι
1075 1939 1113 1978 τὸ

64 2000 194 2044 κάλλος
216 2003 279 2047 τῆς
298 1999 410 2052 ὅψεως
437 2000 564 2048 αὐτῆς,
581 2000 719 2050 σεαυτῷ
736 1998 916 2050 τηρήσεις.
975 2000 1030 2039 Οὐ
1045 2000 1113 2051 γὰρ

66 2059 232 2112 ἀνευρέθη
265 2058 370 2107 ὁμοία
397 2057 526 2103 ταύτης
543 2059 576 2095 ἐν
596 2060 639 2109 τῇ
654 2057 797 2096 Ἰωνίων
811 2057 924 2110 χώρᾳ.
955 2056 1114 2109 Ὑγίαινε

7 2127 9 2129 ’
65 2120 100 2157 ἐν
118 2119 214 2168 πάσῃ
239 2121 324 2169 τιμῇ
347 2117 416 2155 ἀπὸ
433 2119 494 2161 τῆς
514 2119 582 2154 τῶν
605 2117 689 2153 θεῶν
712 2116 888 2167 λατρείας.

20 2175 21 2179 ’
118 2179 141 2228 S
166 2179 229 2228 69.
253 2176 324 2215 Καὶ
353 2175 509 2227 ἐγένετο,
527 2176 574 2218 ὡς
602 2175 801 2224 ἀνεγνώσθη
822 2179 844 2222 ἡ
872 2174 1023 2227 διαταγὴ
1052 2178 1113 2222 τῆς

66 2233 253 2283 ἐπιστολῆς
271 2235 399 2282 ταύτης
411 2267 420 2282 ,
441 2234 622 2272 ἐκέλευσεν
639 2236 656 2271 ὁ
674 2233 838 2286 βασιλεὺς
857 2234 946 2285 μετὰ
962 2236 1113 2279 σπουδῆς

66 2296 233 2344 πλείστης
262 2295 322 2332 καὶ
345 2293 605 2346 παραγγελίας,
632 2290 712 2340 ἵνα,
734 2293 867 2338 πάντας
889 2293 967 2337 τοὺς
985 2294 1115 2338 τόπους

71 2357 130 2401 τῆς
146 2355 253 2392 αὐτοῦ
270 2352 424 2398 ἐξουσίας
441 2352 666 2397 ἐξετάσαντες
681 2352 714 2388 ἐν
729 2351 848 2403 τάχει,
862 2352 1115 2400 ἐκζητήσωσιν.

68 2413 264 2465 Δρομαίους
289 2406 347 2451 οὖν
381 2411 539 2462 ἔπεμπεν
576 2414 765 2463 πανταχῆ,
795 2410 853 2448 ἵνα
886 2410 1041 2464 εὑρόντες
1071 2413 1117 2454 εἷς

71 2474 178 2524 μέσον
201 2472 406 2522 ἐνέγκωσιν·
433 2474 502 2515 τοῖς
533 2470 568 2509 δὲ
590 2471 806 2520 εὑρίσκουσιν
831 2471 940 2517 αὐτὴν
964 2470 1118 2521 μεγάλας

70 2529 201 2583 δωρεὰς
225 2531 443 2583 ὑπισχνεῖτο.
501 2529 576 2568 Καὶ
607 2531 652 2572 ὡς
678 2528 729 2566 ἔτι
758 2528 848 2575 αὕτη
871 2532 892 2575 ἡ
913 2528 1054 2581 ταραχὴ
1084 2530 1118 2565 ἐν

70 2595 141 2634 τοῖς
160 2593 222 2637 τ’ῆς
239 2588 423 2642 Ἀρμενίας
439 2588 579 2641 μέρεσιν
598 2590 764 2635 ἐκινεῖτο,
779 2591 815 2627 αἱ
829 2589 1001 2638 πανάγιαι
1023 2588 1118 2639 μάρ-

71 2665 172 2701 τυρες
206 2651 336 2687 ἐκεῖναι
365 2649 580 2700 ἐκρύπτοντο
610 2649 644 2685 ἐν
676 2649 718 2698 τῇ
752 2647 990 2699 βασιλευούσῃ
1019 2646 1119 2685 πόλει

72 2706 364 2761 Οὗαλαρσαπάτ’
391 2708 453 2745 καὶ
483 2706 559 2758 μετ’
588 2709 626 2745 οὗ
660 2705 749 2744 πολὺ
787 2709 983 2758 εὑρεθεῖσαι
1013 2705 1119 2757 ἐγνώ-

73 2770 207 2814 σθησαν
214 2795 293 2806 .....

128 2827 150 2876 S
175 2840 223 2873 70
230 2854 343 2864 .......
360 2823 594 2877 Εὑρίσκονται
610 2817 668 2862 οὖν
691 2826 738 2868 εἷς
754 2822 833 2867 vob<
853 2822 979 2870 ληνοὺς
999 2822 1121 2868 ἔξωθεν

77 2888 140 2932 τῆς
153 2882 395 2927 πόλεως.”Ὀτε
409 2878 467 2922 οὖν
485 2883 613 2935 ἔφθασε
629 2885 669 2921 τὸ
684 2883 835 2935 γράμμα
853 2882 922 2920 ἀπὸ
939 2886 999 2920 τοῦ
1015 2882 1124 2934 μεγά-

78 2946 139 2982 λου
158 2946 227 2981 τῶν
239 2942 429 2993 Ῥωμαίων
448 2943 619 2994 βασιλέως
640 2944 725 2994 πρὸς
739 2941 967 2993 Τηρηδάτιον
984 2941 1046 2981 τὸν
1060 2945 1125 2989 τῆς

76 3003 259 3056 Ἀρμενίας
275 3001 437 3054 βασιλέα,
452 3003 515 3039 οὔκ
534 3002 635 3053 ὀλίγη
651 3001 788 3053 ἐγένετο
803 3003 943 3054 ταραχὴ
956 3003 990 3039 ἐν
1008 3002 1123 3054 ἐκείνῃ

78 3065 121 3114 τῇ
154 3061 269 3114 χώρᾳ.
293 3060 496 3111 Ἐτήρησαν
530 3061 599 3112 γὰρ
630 3061 746 3104 πάσας
778 3060 840 3105 τὰς
859 3060 1039 3113 περιόδους
1064 3061 1124 3099 καὶ

81 3121 258 3164 διαδάσεις
279 3123 314 3159 ἐν
342 3120 412 3163 τοῖς
433 3119 584 3167 ἑκάστης
609 3123 669 3167 τῆς
693 3120 858 3173 πατρίδος
892 3120 1048 3172 μέρεσιν,
1066 3120 1126 3158 καὶ

81 3180 295 3231 θεασάμενός
315 3195 365 3223 τις
388 3179 497 3223 αὐτὰς
519 3179 715 3231 διηγήσατο
740 3179 820 3230 περὶ
847 3180 974 3218 αὐτῶν.
995 3179 1062 3223 Ὡς
1090 3179 1126 3219 δὲ

83 3240 299 3293 καταφανεῖς
330 3238 438 3282 αὐτὰς
469 3241 492 3285 ἧ
524 3238 624 3291 φήμη
655 3238 834 3285 ἐποίησεν,
870 3238 1126 3286 ἐκελεύσθησαν

86 3299 143 3339 ’δύο
162 3298 298 3351 ἡμέρας
313 3301 510 3350 τηρηθῆναι
530 3301 639 3337 ἐκεῖσε
661 3297 716 3335 διὰ
736 3301 804 3336 τῶν
821 3300 935 3343 πεζῶν
953 3298 1044 3348 μετὰ
1057 3301 1127 3336 τῶν

87 3361 216 3412 θυρεῶν
232 3357 322 3412 [καὶ]
340 3358 516 3411 ῥοπάλων.
535 3357 604 3397 Καὶ
623 3357 712 3408 μετὰ
732 3363 823 3410 τρεῖς
843 3357 979 3410 ἡμέρας
991 3357 1127 3410 ἤχησεν

1232 204 1270 261 [5
1292 206 1444 257 7ο.]....
1465 209 1530 252 Or,
1547 221 1597 244 on
1625 209 1676 244 les
1692 215 1829 244 trouva
1848 209 1939 246 dans
1962 210 2141 247 l'endroit
2167 213 2218 248 ou

1177 265 1255 303 l'on
1269 275 1348 305 met
1363 268 1416 303 les
1431 279 1545 303 cuves
1563 280 1609 303 en
1626 268 1788 305 reserve.
1810 269 1893 313 Car,
1910 271 2038 316 quand
2051 270 2155 306 l'edit
2166 272 2218 308 du

1177 327 1298 376 grand
1313 328 1373 362 roi
1394 326 1460 362 des
1476 326 1591 362 Grecs
1608 325 1665 361 fut
1680 327 1792 363 remis
1808 328 1829 362 a
1846 325 2034 372 Tiridate,
2050 330 2076 364 il
2090 328 2221 366 s'eleva

1178 399 1232 422 un
1251 385 1375 436 grand
1392 386 1554 422 tumulte
1567 385 1661 421 dans
1675 386 1710 420 le
1724 397 1817 433 pays
1832 385 1896 421 des
1911 388 2144 424 Armeniens.
2163 390 2222 425 On

1178 444 1222 481 fit
1236 446 1376 482 fermer
1391 452 1474 481 tous
1488 445 1542 481 165
1565 444 1732 480 chemins
1747 451 1783 480 et
1799 452 1922 480 toutes
1945 445 1997 480 les
2019 446 2132 482 issues
2158 447 2222 483 dcs

1131 549 1135 554 ἢ
1178 506 1400 554 provinces,
1431 512 1469 541 et
1511 517 1562 540 on
1604 502 1648 539 fit
1689 511 1846 552 partout
1884 503 1949 539 des
1987 505 2220 543 recherches.

1178 567 1352 613 Lorsque
1368 564 1579 613 quelqu'un
1606 562 1650 599 fit
1670 564 1796 600 savoir
1813 561 1903 611 qu'il
1926 563 1979 598 les
2001 564 2099 598 avait
2114 576 2223 609 vues,

1179 632 1216 660 et
1235 637 1310 673 que
1323 625 1357 662 la
1372 625 1485 660 chose
1499 636 1537 660 se
1551 623 1607 659 fut
1620 622 1774 659 verifice
1785 650 1795 668 ,
1813 635 1863 659 on
1880 622 2057 658 ordonna
2070 621 2117 657 de
2131 624 2226 658 suite

1179 685 1200 720 a
1221 697 1294 720 une
1314 685 1444 733 legion
1459 684 1507 720 de
1523 691 1680 732 troupes
1695 683 1715 719 a
1731 683 1822 731 pied
1840 683 1887 718 de
1904 693 2039 719 cerner
2052 680 2224 732 pendant

1181 744 1280 780 deux
1298 743 1406 791 jours
1435 744 1469 779 le
1497 744 1574 779 lieu
1601 743 1651 779 οὺ
1680 744 1768 779 61165
1798 755 1836 778 56
1865 743 2100 780 trouvaient.
2121 742 2229 778 Trois

1176 803 1285 851 jours
1302 803 1413 852 apres
1427 831 1437 848 ,
1454 804 1488 839 la
1505 803 1724 839 renominee
1740 802 1788 838 de
1806 803 1842 838 la
1856 802 2026 837 modeste
2051 809 2088 837 et
2107 801 2228 837 admi-

1179 864 1286 899 rable
1321 864 1457 899 beaute
1485 863 1533 899 de
1564 861 1752 911 Hripsime
1780 874 1818 898 se
1843 861 2023 910 repandit
2044 861 2166 909 parmi
2195 861 2229 897 le

1179 923 1319 971 peuplc
1337 930 1374 958 et
1389 935 1453 958 sur
1467 930 1591 958 toutes
1602 923 1655 958 les
1668 922 1809 970 places.
1821 923 1922 957 Tout
1934 921 1970 957 le
1982 920 2123 956 monde
2141 920 2230 955 etait

1180 982 1276 1018 dans
1319 982 1527 1031 l'agitation
1540 1011 1550 1028 ,
1592 990 1629 1018 et
1654 1020 1656 1022 ,
1671 981 1906 1017 l'unanimite
1949 980 2015 1016 des
2050 981 2231 1029 louanges

1180 1043 1414 1090 augmentait
1429 1041 1712 1077 l'etonnemen1·.
1727 1041 1814 1077 Une
1843 1040 1946 1076 foule
1968 1040 2150 1075 immense
2170 1050 2233 1074 ac-

1182 1102 1332 1137 courait
1358 1101 1406 1137 de
1434 1107 1560 1136 toutes
1597 1107 1701 1149 parts
1729 1112 1830 1148 pour
1857 1099 1996 1136 rendre
2032 1099 2233 1147 hommage

1182 1160 1200 1196 a
1220 1172 1260 1196 sa
1275 1160 1427 1197 beaute.
1447 1162 1519 1196 Les
1533 1167 1700 1208 satrapes
1718 1167 1753 1195 et
1768 1160 1820 1195 les
1833 1159 1975 1208 grands
1989 1158 2234 1195 accouraient

1183 1220 1281 1255 aussi
1300 1219 1320 1254 a
1343 1219 1457 1255 l'envi
1476 1232 1579 1267 pour
1594 1220 1629 1255 la
1646 1220 1745 1255 voir.
1763 1220 1833 1255 Les
1850 1219 2003 1264 nobles,
2020 1217 2235 1254 confundus

1184 1290 1274 1314 avec
1297 1279 1331 1314 le
1345 1279 1507 1327 peuple,
1525 1291 1562 1314 se
1584 1280 1792 1327 pressaient
1808 1279 1860 1314 les
1884 1290 1956 1314 uns
1976 1278 2028 1313 les
2049 1285 2197 1322 autres,
2214 1276 2235 1312 a

1183 1349 1296 1374 cause
1320 1338 1373 1374 du
1391 1337 1649 1386 dereglement
1669 1338 1716 1373 de
1743 1338 1844 1373 leurs
1863 1350 2005 1373 moeurs
2021 1344 2059 1373 et
2075 1337 2123 1373 de
2140 1336 2234 1372 l’im-

1185 1399 1320 1445 purete'
1354 1397 1519 1433 effrenee
1563 1397 1629 1433 des
1666 1402 1812 1445 paiens.
1835 1397 1973 1444 Quand
2006 1409 2066 1432 ces
2098 1396 2236 1432 saintes

1184 1456 1340 1492 semmes
1365 1458 1489 1492 virent
1513 1457 1548 1491 la
1568 1457 1702 1492 malice
1721 1457 1767 1492 de
1787 1469 1847 1492 ces
1873 1457 2046 1492 hommes
2071 1456 2236 1491 insenses

1186 1594 1218 1625 et
1227 1593 1447 1625 aversandum
1456 1592 1652 1625 habuerunt.
1663 1592 2038 1635 Quapropternutricem
2045 1601 2122 1624 cum
2129 1591 2238 1634 puella

1185 1656 1226 1688 asl
1243 1658 1388 1688 vestram
1407 1656 1670 1689 transmittentes
1689 1656 1846 1689 ditionem
1866 1656 1980 1698 sugere
1997 1656 2236 1698 compulerunt.

1186 1724 1321 1764 Itaque,
1343 1724 1443 1756 frater
1467 1724 1529 1763 mi,
1550 1734 1630 1756 cura
1656 1725 1853 1766 investigare
1870 1725 1903 1757 in
1926 1725 1991 1757 illis
2019 1723 2187 1766 partibus,
2205 1725 2239 1756 et

1186 1790 1323 1832 vestigia
1340 1799 1454 1823 earum
1470 1790 1733 1831 deprehendere,
1748 1791 1922 1832 sociasque
1935 1791 2070 1832 virginis
2084 1800 2149 1823 una
2164 1799 2237 1823 cum

1187 1854 1317 1886 nutrice
1340 1857 1446 1887 morte
1468 1865 1486 1888 6
1505 1855 1616 1888 medio
1636 1856 1770 1895 tollere,
1789 1855 1960 1897 deceptam
1977 1865 2056 1888 vero
2068 1881 2076 1896 ,
2092 1855 2238 1888 divinam

1189 1917 1312 1950 scilicet
1321 1920 1354 1950 et
1364 1918 1653 1959 speciosissimam,
1662 1917 1739 1951 inde
1751 1919 1792 1950 ad
1803 1928 1856 1951 me
1865 1918 2102 1951 transmittere.
2115 1919 2148 1950 Si
2158 1927 2237 1950 vcro

1189 1982 1248 2014 libi
1261 1983 1405 2024 placebit
1417 1983 1516 2015 decor
1534 1982 1632 2015 faciei
1648 1982 1731 2023 ejus,
1746 1982 1806 2014 tibi
1819 1983 1923 2024 ipsam
1943 1982 2090 2015 servabis
2108 1996 2115 2014 :
2132 1991 2239 2022 neque

1189 2048 1277 2080 enim
1289 2047 1422 2080 inventa
1436 2049 1486 2079 est
1502 2048 1582 2079 huic
1596 2047 1712 2079 similis
1725 2047 1757 2079 in
1771 2049 1842 2080 tota
1857 2048 1949 2080 Ionia
1961 2047 2140 2089 provincia.
2159 2048 2240 2080 Vale

1190 2123 1267 2146 cum
1288 2113 1375 2145 omni
1392 2113 1517 2145 honore
1534 2121 1592 2154 per
1606 2113 1733 2144 cultum
1750 2112 1902 2144 deorum.

1230 2180 1249 2221 ς
1264 2183 1315 2212 (59.
1328 2179 1507 2218 Postquam
1523 2177 1672 2218 epistolae
1685 2177 1772 2209 illius
1789 2178 1962 2209 contextus
1975 2177 2046 2209 erat
2059 2175 2238 2217 perlectus,

1189 2249 1345 2292 praecepit
1364 2258 1418 2281 rex
1437 2248 1580 2280 maximo
1600 2257 1678 2280 cum
1709 2248 1820 2280 studio
1849 2249 1884 2280 et
1914 2247 2090 2287 mandato,
2110 2248 2149 2279 ut
2181 2255 2240 2288 per

1190 2324 1300 2355 omnia
1329 2322 1462 2354 ditionis
1492 2330 1561 2353 suae
1587 2321 1660 2353 loca
1688 2321 1843 2353 continuo
1870 2320 2127 2362 investigantes,
2150 2320 2241 2353 illam

1191 2398 1386 2438 quaererent.
1424 2397 1702 2435 Quoquoversum
1730 2402 1807 2434 ergo
1835 2392 1989 2424 mittebat
2007 2400 2179 2431 cursores,
2203 2394 2241 2425 ut

1193 2469 1360 2501 inventam
1376 2468 1410 2499 in
1423 2467 1571 2500 medium
1590 2466 1790 2499 adducerent
1805 2477 1812 2497 2
1832 2466 1922 2497 illam
1938 2466 2052 2497 autem
2069 2463 2239 2496 invenien-

1194 2546 1286 2577 tibus
1298 2554 1415 2586 magna
1425 2544 1639 2586 pollicebatur
1651 2542 1797 2585 praemia.
1813 2544 1899 2574 Dum
1915 2551 1995 2574 vero
2009 2542 2065 2574 hic
2081 2542 2244 2574 tumultus

1196 2618 1295 2650 fiebat
1313 2617 1346 2649 in
1363 2617 1512 2659 partibus
1527 2616 1708 2654 Armeniae,
1733 2598 1949 2647 sanctissimae
1978 2614 2052 2647 istae
2076 2615 2242 2655 martyres

1194 2692 1340 2724 latebant
1356 2690 1555 2723 absconditae
1572 2690 1605 2721 in
1623 2689 1711 2730 regia
1728 2688 1860 2720 civitate
1885 2688 2077 2729 Valarsapat
2096 2701 2103 2719 :
2122 2688 2156 2720 et
2170 2688 2246 2728 post

1195 2775 1258 2798 non
1280 2766 1420 2798 multum
1439 2764 1598 2806 temporis
1615 2765 1757 2805 repertae
1774 2763 1989 2795 innotuerunt
1993 2787 2056 2795 .....

1238 2837 1257 2876 §
1274 2838 1313 2868 70
1319 2860 1394 2867 ......
1415 2834 1635 2867 Inveniuntur
1650 2835 1761 2865 autem
1774 2833 1805 2864 in
1819 2831 2042 2865 torcularibus
2055 2832 2157 2867 extra
2166 2830 2245 2863 civi-

1196 2902 1311 2933 tatem.
1333 2901 1417 2932 Cum
1443 2899 1530 2931 enim
1559 2899 1692 2931 venerat
1717 2897 1853 2939 epistola
1881 2897 1991 2938 magni
2023 2898 2244 2929 Romanorum

1198 2963 1405 3006 imperatoris
1421 2962 1463 2995 ad
1482 2962 1664 2995 Teredaten
1680 2961 1842 2994 Armeniae
1868 2969 1977 3002 regem
1991 2986 1999 3002 ,
2018 2970 2084 2993 non
2104 2961 2245 2993 modicae

1199 3031 1230 3063 in
1247 3030 1301 3062 illa
1316 3029 1447 3070 regione
1459 3028 1554 3060 sactae
1569 3029 1645 3060 sunt
1658 3027 1768 3060 turbae
1777 3052 1786 3067 ‚
1800 3026 2019 3059 observabant
2032 3026 2119 3059 enim
2131 3034 2247 3060 omnes

1200 3094 1358 3127 circuitus
1376 3095 1410 3126 et
1432 3093 1644 3126 transitiones
1660 3093 1694 3125 in
1713 3091 1864 3134 partibus
1887 3091 2148 3134 uniuscnjusque
2170 3101 2246 3134 pro-

1199 3162 1315 3195 vinciae
1332 3174 1339 3193 :
1355 3169 1496 3202 eumque
1517 3169 1572 3193 eas
1586 3160 1662 3202 quis
1685 3159 1841 3200 vidisset,
1858 3159 1900 3192 de
1917 3159 2000 3201 ipsis
2018 3159 2245 3193 adnuntiabat.

1200 3232 1244 3262 Ut
1262 3237 1342 3262 vero
1362 3228 1448 3260 sama
1474 3237 1530 3260 eas
1556 3227 1636 3260 fecit
1660 3227 1873 3268 manifestas,
1888 3228 1991 3269 jussae
2011 3229 2088 3261 sunt
2116 3227 2248 3260 duabus

1201 3296 1320 3329 diebus
1329 3295 1450 3328 ibidem
1462 3294 1620 3328 custodiri
1630 3304 1689 3336 per
1698 3294 1825 3337 pedites
1836 3320 1844 3334 ,
1856 3295 1960 3328 scutis
1968 3296 2001 3328 et
2012 3294 2115 3328 clavis
2123 3294 2248 3327 instru-

1160 3386 1169 3392 -
1203 3365 1285 3396 ctos.
1306 3365 1385 3396 Post
1409 3365 1478 3396 tres
1502 3363 1573 3403 dies¹
1590 3363 1724 3405 vulgata
1742 3363 1794 3397 est
1812 3363 1896 3397 fama
1916 3361 2171 3406 pulchritudInis
2192 3361 2246 3395 Ri-
