2294 3620
921 121 1310 163 INTRODUcnoN.
2144 140 2188 178 61

49 218 149 267 ciple
163 231 173 264 3
189 216 405 270 cependant
418 214 564 252 Eusebe
583 214 724 251 semble
743 215 867 251 croire
878 226 952 264 que
969 205 1012 250 ce
1028 213 1085 249 fut

47 282 248 330 beaucoup
265 282 352 330 plus
370 279 428 316 tot
450 277 521 330 (1).

47 376 49 378 ,
101 346 207 383 Saint
219 347 240 381 J
244 345 373 381 erome
386 355 485 379 nous
502 342 674 391 apprend
692 355 766 391 que
781 342 995 379 Bardesane
1007 353 1083 390 pu-

46 411 124 447 blia
139 410 185 447 de
199 408 347 446 savants
363 408 493 444 traites
512 414 645 443 contre
657 408 710 444 les
729 409 892 444 heresies
916 407 982 456 qui
997 406 1085 455 pul-

0 517 1 522 *
46 475 204 510 lulaient
226 485 274 510 en
301 472 431 521 Syrie,
460 472 610 507 suivant
634 484 704 507 son
737 471 921 520 expressif
947 470 1085 506 temni-

0 529 1 532 *
45 550 168 587 gnage
184 536 254 588 (Ἃ).
269 536 488 584 Nicephore
500 536 572 571 cite
585 548 639 571 un
654 537 749 572 livre
766 543 898 572 contre
911 534 1087 570 Marcion

45 609 81 640 et
100 603 189 650 cinq
208 608 334 637 autres
354 613 538 650 ouvrages
558 607 691 637 contre
711 607 839 636 autant
859 599 1084 641 d'heresiar-

47 679 140 717 ques
160 666 256 703 dont
271 667 325 703 les
345 678 456 702 noms
478 678 574 702 nous
592 673 677 702 sont
694 666 881 701 inconnus
901 662 968 715 (3).
990 662 1085 700 Mal-

43 730 334 767 heureusement
351 730 394 778 la,
405 730 492 779 plus
510 729 654 778 grande
669 730 792 778 partie
819 727 884 765 des
907 728 1018 764 ecrits
1036 727 1085 763 de

44 793 255 831 Bardesane
275 805 324 830 ne
345 801 432 829 sont
457 794 569 842 point
596 806 784 842 pai-venus
800 792 950 841 jusqu’a
971 804 1082 830 nous·

99 858 159 894 On
177 857 234 893 dit
248 869 337 905 que,
360 870 424 893 sur
442 858 478 894 la
492 856 546 893 fin
563 857 611 893 de
624 870 662 893 sa
682 856 858 902 camere,
873 856 1086 892 Bardesane

44 921 185 958 sembla
206 923 450 958 reconnaitre
469 933 526 958 ses
552 933 712 959 erreurS.
734 922 828 957 Mais
847 919 1015 968 l'eveque
1036 919 1084 955 de

43 986 212 1033 Cesaree‚
229 987 296 1035 qui
321 999 418 1022 nous
435 999 456 1023 a
473 988 655 1023 conserve
681 998 724 1022 ce
743 986 923 1022 souvenir
946 983 1012 1035 (4),
1029 997 1085 1020 as-

5 1040 7 1042 ·
41 1061 128 1086 sure
149 1063 223 1099 que
245 1051 281 1086 le
302 1051 451 1087 celebre
475 1051 679 1099 gnostique
698 1041 875 1086 d'Edesse
895 1061 943 1084 ne
963 1047 1084 1095 rejeta

37 1111 172 1160 jamais
188 1113 437 1150 entierement
455 1113 627 1150 l’heresie
643 1121 680 1149 et
709 1110 801 1161 qu’il
826 1111 909 1148 finit
931 1102 1002 1161 petr
1022 1124 1082 1148 re·

44 1177 195 1213 tomber
220 1177 314 1214 dans
335 1185 420 1214 tous
439 1189 496 1213 ses
519 1178 764 1226 egarements.

41 1379 200 1411 Exmmrs
221 1377 400 1416 n'Eushssss,
430 1387 470 1409 DE
493 1386 584 1409 snm·
605 1372 792 1414 ΕΡῙΡΗΑΝΕ,
827 1385 868 1407 m:
897 1385 989 1408 smm-
1021 1377 1079 1408 ,1ιὲ-

39 1450 41 1452 ·
83 1439 191 1470 nonu,
212 1439 254 1461 ΒΕ
275 1438 368 1461 suar
388 1424 544 1468 Epnmm,
567 1437 609 1459 m:
637 1429 736 1459 Jurzs
754 1427 942 1459 L’Archm
972 1437 1011 1460 m·
1040 1437 1085 1460 nt:

83 1481 241 1514 L’Aumun
264 1490 322 1513 nes
337 1482 633 1513 Pmtosopnumssm
646 1503 654 1519 ,
675 1488 732 1511 sun
750 1479 960 1514 ΒΑιιυεεΑΝε.

549 1580 578 1610 1.

81 1678 251 1722 [Eusebe‚
274 1680 407 1712 Ecstor.
429 1678 575 1718 Eccles„
592 1679 651 1710 liv.
672 1680 730 1718 IV,
749 1678 801 1711 ch.
819 1679 893 1722 30.]

62 1806 86 1816 ..
115 1775 173 1814 ἐπὶ
195 1774 231 1814 δὲ
250 1777 313 1821 τ’ἤς
334 1776 440 1823 αὐτῆς
463 1776 645 1828 βασιλείας
663 1777 872 1824 πληθουσῶν
895 1780 964 1817 τῶν
985 1779 1084 1832 αἱρέὲ

41 1858 128 1880 σεων
157 1841 224 1880 ἐπὶ
258 1843 322 1888 τῆς
349 1840 459 1891 μέσης
500 1843 567 1879 τῶν
600 1845 791 1892 ποταμῶν,
827 1845 1084 1897 Βαρδησάνης,

39 1906 258 1950 ἷκανώτατός
277 1923 327 1950 τις
349 1906 437 1957 ἀνὴρ
461 1906 496 1944 ἔν
513 1923 551 1945 τε
572 1910 616 1960 τῇ
638 1906 764 1960 Σύρων
785 1912 883 1962 φωνῇ
906 1911 1083 1949 διαλεκτι-

40 1970 209 2022 κώτατος,
223 1970 311 2023 πρὸς
329 1969 409 2014 τοὺς
426 1969 520 2009 κατὰ
537 1971 736 2023 Μαρκίωνα
756 1972 818 2010 καί
835 1988 932 2017 τινας
948 1975 1085 2026 ἑτέρους

42 2034 217 2088 διαφόρων
243 2034 523 2087 προϊσταμένους
543 2035 729 2087 δογμάτων
751 2037 934 2088 διαλόγους
953 2053 1084 2085 συστη-

41 2095 216 2150 σάμενος,
240 2101 282 2152 τῇ
302 2097 416 2152 οἰκείᾳ
437 2097 623 2151 παρέδωκε
641 2099 783 2151 γλώττῃ
809 2116 846 2138 τε
868 2101 927 2139 καὶ
947 2105 1082 2155 γραφῇ,

42 2163 133 2216 μετὰ
153 2163 214 2203 καὶ
231 2163 408 2203 πλείστων
429 2163 556 2216 ἑτέρων
578 2165 683 2204 αὐτοῦ
698 2166 988 2218 συγγραμμάτων
1000 2183 1008 2191 ·
1027 2166 1085 2211 οὒς

41 2231 71 2267 οἱ
91 2229 261 2281 γνώριμοι
276 2229 457 2282 (πλεῖστοι
475 2229 510 2267 δὲ
532 2223 621 2277 ἦσαν
637 2230 731 2280 αὐτῷ
749 2231 902 2275 δυνατῶς
923 2233 973 2283 τῷ
989 2231 1084 2285 λόγῳ

40 2293 312 2348 παρισταμένῳ)
335 2294 394 2333 ἐπὶ
413 2293 477 2341 τὴν
495 2293 680 2341 Ἑλλήνων
699 2295 768 2334 ἀπὸ
785 2298 847 2343 τῆς
867 2296 993 2349 Σύρων
1014 2313 1081 2348 με-

40 2357 284 2405 ταὸεὸλήκασι
303 2361 420 2412 φωνῆς
433 2375 440 2382 ·
466 2359 501 2396 ἓν
525 2352 574 2402 οἷς
596 2358 671 2396 ἐστὶ
689 2359 749 2397 καὶ
770 2361 788 2397 ὃ
810 2360 897 2413 πρὸς
918 2360 1081 2400 Ἀντωνῖ-

41 2437 96 2461 νον
114 2421 331 2467 ἱκανώτατος
348 2424 454 2461 αὐτοῦ
475 2423 555 2475 περὶ
576 2423 794 2476 εἱμαρμένης
814 2424 997 2477 διάλογος,
1017 2426 1082 2465 ὅσα

40 2502 78 2524 τε
100 2486 191 2526 ἄλλα
211 2486 315 2536 φασὶν
338 2486 441 2525 αὗτὸν
465 2486 640 2540 προφάσει
661 2491 722 2526 τοῦ
748 2489 904 2541 διωγμοῦ
928 2491 1083 2543 συγγρά-

41 2551 120 2603 ψαι.
178 2543 253 2590 ’Ἦν
271 2551 301 2589 δ’
314 2549 382 2601 ἄρα
397 2544 494 2594 οῧτος
510 2550 677 2603 πρότερον
693 2555 755 2599 τῆς
777 2552 871 2590 κατὰ
889 2556 1080 2593 Οὐαλεντῒ-

42 2631 99 2654 νον
128 2617 280 2668 σχολῆς,
312 2614 508 2666 καταγνοὺς
535 2615 571 2653 δὲ
602 2615 752 2663 ταύτης,
772 2617 924 2656 πλεῖστά
953 2634 992 2656 τε
1022 2621 1084 2666 τ’ἧς

43 2680 135 2719 κατὰ
164 2683 285 2719 τοῦτον
319 2677 525 2731 μυθοποιίας
555 2680 770 2731 ἀπελέγξας,
792 2681 904 2720 ἐδόκει
926 2682 989 2733 μέν
1010 2699 1084 2727 πως

45 2746 145 2791 αὐτὸς
174 2748 288 2799 ἑαυτῷ
309 2746 366 2784 ἐπὶ
397 2746 461 2793 τὴν
492 2746 679 2797 ὀρθοτέραν
707 2746 852 2797 γνώμην
880 2751 1082 2797 μετατεθεῖ-

45 2813 144 2848 σθαι·
165 2811 203 2848 οὔ
226 2810 295 2860 μήν
317 2826 356 2848 νε
376 2811 557 2853 παντελῶς
584 2809 812 2862 ἀπερρύψατο
835 2810 893 2849 τὸν
923 2814 986 2857 τῆς
1013 2827 1085 2850 πα-

325 2846 332 2861 Δ

44 2875 146 2917 λαιᾶς
166 2873 331 2926 αἱρέσεως
351 2873 474 2924 ῥύπον.
534 2873 598 2912 Ἐν
620 2873 733 2926 τούτῳ
751 2889 789 2925 γε
811 2875 881 2926 μὴν
902 2875 962 2914 καὶ
984 2878 1001 2914 ὃ
1024 2879 1085 2923 τῆς

47 2936 237 2988 Ῥωμαίων
261 2937 450 2984 ἐκκλησίας
474 2937 665 2981 ἐπίσκοπος
688 2938 815 2990 Σωτὴρ
836 2940 1026 2992 τελευτᾷ...

89 3072 136 3115 (1)
159 3072 305 3112 lamehe,
336 3074 428 3105 Hist.
452 3074 560 3112 Eccl.‚
575 3073 631 3106 liv.
656 3076 713 3113 IV,
729 3084 758 3107 c.
777 3078 827 3107 30.
854 3093 894 3099 -·
910 3076 961 3108 Cf.
996 3078 1086 3110 aussi

34 3126 150 3162 ,Moise
165 3124 205 3157 de
219 3125 389 3163 Khorene,
408 3127 498 3157 Hist.
516 3125 661 3164 d'Arm.‚
676 3126 733 3158 liv.
756 3128 799 3167 II,
815 3127 869 3159 ch.
885 3132 937 3161 66.

89 3176 136 3219 (2)
149 3176 240 3209 Saint
255 3177 386 3209 Jerome
398 3201 406 3214 ‚
431 3179 560 3219 Opera,
581 3179 606 3209 t.
624 3179 682 3216 IV,
698 3187 731 3219 p.
754 3181 824 3218 111,
847 3182 917 3211 112.

89 3229 136 3272 (3)
155 3229 358 3272 Nicephore‚
381 3231 473 3262 Hist.
502 3230 631 3270 eccle's„
658 3230 715 3262 liv.
738 3232 797 3270 IV,
822 3230 874 3263 ch.
904 3234 952 3264 11.
970 3250 1013 3256 —
1031 3233 1083 3265 Cs.

47 3282 137 3315 aussi
156 3284 258 3315 Mo'ise
274 3282 315 3315 de
333 3283 503 3323 Khorene,
524 3285 616 3315 Hist.
632 3283 775 3324 d'Arm.‚
800 3285 856 3317 liv.
872 3287 915 3326 ΙΙ,
936 3288 988 3320 eh.
1002 3293 1057 3321 66.

88 3335 134 3377 (4)
150 3335 300 3376 lamehe,
316 3337 405 3369 Hist.
429 3337 560 3376 eccles,
579 3337 636 3369 liv.
652 3340 711 3379 IV,
726 3339 781 3371 ch.
806 3342 844 3371 28

1662 220 1692 249 2.

1204 297 1258 340 [S.
1275 292 1462 341 Epiphane‚
1478 304 1624 342 Haeres„
1639 304 1726 343 LVI,
1746 306 1782 336 C.
1802 306 1844 347 1.]

1213 385 1258 425 ‘O
1281 386 1317 424 δὲ
1337 388 1588 439 Βαρδησιάνης
1605 383 1722 439 οὗτος,
1746 388 1782 434 ἐξ
1802 385 1911 444 οἷπερ
1931 395 1953 438 ἡ
1979 393 2108 446 αἵρεσις
2127 399 2194 434 τῶν

1158 452 1471 504 Βαρδησιανιστῶν
1492 455 1679 505 γεγένηται
1695 485 1706 502 ,
1726 457 1765 493 ἐκ
1785 458 2061 508 Μεσοποταμίας
2079 459 2140 509 μὲν
2157 460 2196 498 το

1158 515 1254 568 γένος
1275 511 1344 569 ἦν,
1376 519 1444 556 τῶν
1480 519 1572 557 κατὰ
1603 517 1666 566 τὴν
1687 518 1912 567 Ἐδεσσηνῶν
1946 521 2048 560 πόλιν
2078 538 2195 561 κατοι-

1158 579 1326 621 κούντων.
1383 580 1452 626 ὁΟς
1470 581 1514 620 τὰ
1537 581 1599 630 μὲν
1620 585 1745 636 πρῶτα
1760 583 1899 635 ἄριστός
1913 600 1964 628 τις
1986 585 2074 637 ἀνὴρ
2094 586 2198 638 ἐτύγ-

1157 661 1268 697 χανε,
1288 645 1410 699 λόγους
1440 646 1477 685 δὲ
1506 649 1569 685 οὐκ
1597 635 1734 698 ὀλίγους
1761 648 2024 702 συνεγράψατο,
2044 651 2197 697 ὁπηνίκα

1159 711 1360 763 ἐρρωμένην
1379 704 1452 763 εἶχε
1466 710 1529 755 τὴν
1547 711 1717 749 διάνοιαν.
1778 712 1846 751 Ἕκ
1861 711 1929 765 γὰρ
1943 716 2006 760 τῆς
2020 713 2121 765 ἁγίας
2137 718 2197 753 τοῦ

1158 776 1252 814 Θεοῦ
1274 776 1464 823 ἐκκλησίας
1485 778 1653 828 ὡρμᾶτο,
1675 776 1791 826 λόγιός
1809 793 1860 820 τις
1885 776 1932 816 ὢν
1956 779 1990 816 ἐν
2011 783 2087 822 ταῖς
2118 778 2197 817 δυσὶ

1157 838 1356 891 γλώσσαις,
1378 841 1545 892 ἑλληνικῇ
1566 856 1603 878 τε
1627 841 1801 894 διαλέκτῳ
1820 841 1882 880 καὶ
1909 845 1952 895 τῇ
1973 844 2042 880 τῶν
2073 842 2198 894 Σύρων

1158 908 1272 957 φωνῇ,
1290 904 1446 958 Αὗγάρῳ
1462 904 1498 943 δὲ
1518 908 1568 958 τῷ
1582 908 1650 943 τῶν
1669 905 1894 954 Ἐδεσσηνῶν
1910 907 2078 958 δυνάστῃ,
2102 907 2200 958 ἀνδρὶ

1157 969 1341 1022 ὁσιωτάτῳ
1364 969 1424 1007 καὶ
1445 969 1651 1021 λογιωτάτῳ
1666 999 1677 1020 ,
1703 969 1974 1021 ἐξοικειούμενος
2000 970 2046 1009 τὰ
2074 972 2196 1023 πρῶτα

1157 1035 1219 1073 καὶ
1244 1034 1480 1086 συμπράττων
1507 1050 1544 1072 τε
1575 1034 1651 1085 ἅμα
1678 1035 1825 1083 καὶτῆς
1860 1037 1966 1074 αὐτοῦ
2001 1034 2190 1088 μετασχὼν

1156 1098 1338 1146 παιδείας,
1361 1099 1523 1152 διήρκεσε
1552 1099 1616 1150 μὲν
1660 1098 1751 1150 μετὰ
1776 1099 1842 1144 τὴν
1874 1099 2006 1139 ἐκείνου
2037 1099 2200 1145 τελευτὴν

1156 1162 1240 1214 ἄχρι
1263 1165 1332 1201 τῶν
1349 1162 1487 1215 χρόνων
1505 1162 1709 1201 Ἀντωνίνου
1725 1163 1929 1215 Καίσαρος,
1951 1165 1989 1202 οὗ
2008 1167 2071 1202 τοῦ
2090 1165 2200 1202 Εὐσε-

1158 1227 1238 1271 &qu
1257 1226 1498 1277 καλουμένου,
1522 1227 1613 1266 ἀλλὰ
1630 1233 1689 1267 τοῦ
1706 1228 1866 1281 Οὗήρου·
1889 1228 1925 1273 ὃς
1945 1228 2062 1269 πολλὰ
2081 1229 2199 1270 Ἀδει-

1157 1290 1218 1328 δὰν
1235 1290 1294 1328 τὸν
1316 1291 1536 1342 ἀστρονόμον
1560 1290 1654 1330 κατὰ
1675 1293 1894 1343 εἱμαρμένης
1912 1292 2026 1345 λέγων
2045 1295 2197 1332 συνελο-

1156 1355 1295 1406 γίσατο.
1356 1356 1430 1394 Καὶ
1447 1355 1595 1395 ἀλλα.ὃὲ
1613 1356 1705 1395 κατὰ
1720 1357 1783 1404 τὴν
1805 1358 1934 1406 εὖσεὸἧ
1952 1358 2071 1398 πίστιν
2089 1359 2198 1413 ἐμφέ-

1159 1434 1254 1471 ρεται
1284 1420 1389 1457 αὐτοῦ
1418 1419 1666 1470 συντάγματα.
1725 1421 1950 1476 Ἀπολλωνίῳ
1978 1423 2014 1460 δὲ
2044 1424 2096 1476 τῷ
2134 1426 2196 1462 τοῦ

1157 1482 1360 1521 Ἀντωνίνου
1383 1483 1513 1536 ἑταίρῳ
1535 1486 1664 1537 ἀντ’ἧρε
1685 1485 1962 1538 παραινούμενος
1976 1486 2199 1537 ἀρνήσασθαι

1157 1548 1197 1586 τὸ
1215 1547 1420 1600 χριστιανὸν
1440 1548 1563 1586 ἑαυτὸν
1585 1548 1716 1601 λέγειν.
1776 1549 1823 1590 ‘O
1843 1549 1879 1589 δὲ
1901 1551 2026 1604 σχεδὸν
2048 1554 2084 1590 ἐν
2104 1552 2199 1599 τάξει

1157 1612 1344 1665 ὁμολογίας
1363 1613 1518 1661 κατέστη
1533 1645 1542 1662 ,
1563 1614 1686 1666 λόγους
1706 1631 1743 1669 τε
1763 1615 1927 1660 συνετοὺς
1954 1617 2170 1671 ἀπεκρίνατο
2184 1648 2193 1665 ,

1157 1677 1246 1729 ὑπὲρ
1267 1676 1445 1721 εὖσεὸείας
1465 1677 1630 1730 ἀνδρείως
1651 1678 1952 1731 ἀπολογούμενος,
1971 1681 2121 1720 θάνατον
2144 1682 2194 1732 μὴ

1157 1740 1307 1780 δεδιέναι
1327 1742 1463 1796 φήσας,
1486 1742 1523 1781 ὃν
1541 1742 1677 1797 ἀνάγκῃ
1696 1743 1859 1793 ἔσεσθαι,
1879 1744 1946 1784 κᾶν
1968 1761 2005 1784 τε
2021 1749 2072 1799 τῷ
2095 1749 2198 1798 βασι-

1156 1807 1231 1854 λεῖ,
1251 1807 1300 1857 μὴ
1324 1807 1497 1846 ἀντείποι.
1556 1808 1629 1847 Καὶ
1652 1807 1761 1852 οὕτως
1782 1811 1800 1847 ὃ
1818 1810 1907 1861 ἀνὴρ
1927 1810 1972 1850 τὰ
1994 1810 2112 1849 πάντα
2133 1827 2201 1863 με-

1156 1871 1274 1923 γάλως
1292 1866 1335 1919 ἦν
1356 1872 1641 1923 κεκοσμημένος,
1662 1872 1727 1917 ἕως
1743 1873 1800 1911 ὅτε
1821 1876 1870 1927 τῷ
1897 1874 2121 1927 ἀστοχήματι
2139 1878 2201 1922 τ’ἧς

1157 1938 1282 1974 ἑαυτοῦ
1303 1937 1471 1989 αἱρέσεως
1487 1935 1675 1988 περιέπεσε
1692 1939 1805 1977 κ.τ.λ.
1823 1961 1877 1967 -—
1891 1941 1932 1979 C.
1953 1953 1989 1978 2.
2007 1939 2198 1993 προσφθεί-

1157 2016 1253 2053 ρεται
1267 2000 1335 2054 γὰρ
1349 1995 1448 2045 οἶτος
1463 2003 1767 2046 Οὖαλεντινιανοῖς
1783 2004 1897 2044 κ.τ.λ.

1664 2108 1695 2137 3.

1202 2195 1247 2236 [S.
1265 2194 1408 2235 Jerome,
1427 2197 1478 2227 De
1493 2197 1580 2228 viris
1604 2196 1747 2236 illustr.,
1766 2206 1794 2229 c.
1822 2200 1874 2230 33.
1893 2217 1934 2221 -—
1962 2201 2091 2240 Opera,
2108 2200 2134 2232 t.
2153 2201 2196 2239 ΙΙ,

1154 2258 1237 2291 page
1256 2251 1313 2281 871
1330 2250 1364 2281 et
1383 2249 1484 2291 suiv.]

1209 2346 1442 2382 Bardesanes
1462 2347 1502 2381 in
1519 2347 1795 2396 Mesopotamia
1816 2348 1939 2383 clarus
1957 2348 2109 2384 habitus
2127 2356 2195 2394 est,

1156 2412 1222 2460 qui
1238 2412 1402 2460 primum
1415 2412 1603 2448 Valentini
1617 2419 1792 2459 sectator,
1808 2413 1945 2449 deinde
1963 2413 2195 2460 confutator,

1155 2488 1296 2512 novam
1318 2476 1488 2512 haeresim
1523 2476 1712 2513 condidit.
1745 2477 1893 2513 Ardens
1927 2477 2006 2524 ejus
2046 2490 2068 2514 a
2097 2478 2198 2526 Syris

1154 2541 1384 2590 praedicatur
1396 2541 1590 2590 ingenium
1608 2548 1645 2577 et
1660 2542 1699 2576 in
1717 2541 1971 2590 disputatione
1984 2543 2195 2580 vehemens.

1155 2607 1312 2655 Scripsit
1331 2605 1477 2642 infinita
1494 2606 1691 2643 adversum
1713 2619 1843 2643 omnes
1859 2620 1966 2655 paene
1984 2607 2196 2655 haereticos,

1156 2673 1222 2721 qui
1237 2679 1343 2707 aetate
1359 2670 1437 2718 ejus
1454 2672 1748 2720 pullulaverant,
1764 2672 1804 2707 in
1818 2672 1956 2720 quibus
1974 2673 2198 2710 clarissimus

1156 2744 1210 2773 est
1226 2743 1263 2772 et
1282 2736 1506 2772 fortissimus
1525 2736 1635 2782 liber,
1660 2748 1774 2784 quem
1794 2737 1926 2773 Marco
1952 2722 2118 2774 Antonio
2150 2738 2197 2775 de

1155 2801 1232 2837 fato
1255 2801 1422 2847 tradidit,
1439 2808 1476 2837 et
1493 2802 1611 2837 multa
1628 2802 1701 2837 alia
1717 2814 1832 2851 super
1849 2803 2116 2851 persecutione
2132 2815 2196 2839 vo-

1155 2868 1300 2903 lumina
1315 2894 1324 2912 ,
1349 2879 1431 2914 quae
1453 2874 1654 2904 sectatores
1685 2867 1764 2915 ejus
1785 2868 1833 2904 de
1855 2881 1939 2916 syra
1963 2869 2091 2918 lingua
2111 2882 2195 2906 ver-

1158 2940 1285 2970 terunt
1301 2934 1340 2968 in
1353 2945 1523 2982 graecam.
1547 2934 1584 2970 Si
1599 2940 1723 2970 autem
1752 2941 1853 2970 tanta
1867 2935 1924 2970 vis
1943 2942 1997 2971 est
2015 2942 2052 2971 et
2069 2935 2196 2984 fulgor

1157 2999 1196 3033 in
1212 2998 1538 3046 interpretatione,
1560 3006 1744 3046 quantum
1764 3006 1940 3047 putamus
1957 3000 1999 3035 in
2021 3012 2195 3037 sermone

1156 3063 1337 3112 proprio?

1668 3151 1697 3180 4.
1969 3142 1973 3148 ⁴
2060 3161 2069 3181 ι

1198 3235 1264 3277 [Id.
1282 3224 1370 3268 Ado).
1385 3235 1591 3276 Jovianum,
1612 3236 1654 3274 ΙΙ,
1680 3237 1730 3267 14.
1750 3253 1791 3258 -
1809 3237 1934 3277 Opera,
1953 3237 1979 3268 t.
2002 3237 2044 3276 11,
2069 3246 2102 3279 p.
2120 3239 2192 3270 344.

1210 3328 1441 3371 Bardesanes
1453 3334 1748 3383 virBabylonius
1760 3334 1797 3369 in
1810 3333 1886 3370 duo
1902 3334 2077 3384 dogmata
2093 3336 2196 3385 apud
