2294 3620
94 154 145 192 92
193 118 195 121 ·
866 136 930 176 LE
959 124 1498 174 PSEUDO-BARDESANE.

1196 230 1263 268 pas
1277 228 1367 265 recu
1389 220 1486 250 cette
1506 212 1574 250 loi.
1605 211 1677 247 Les
1705 208 1805 246 Juifs
1825 216 1894 246 ont
1912 221 2048 246 encore
2070 209 2239 248 d'autres
2259 249 2263 255 ,

1198 283 1403 317 coutumeS‚
1433 272 1539 308 selon
1558 268 1760 318 lesquelles
1791 269 1838 304 ils
1862 280 1912 304 ne
1942 275 2030 304 sont
2053 279 2122 318 pas
2139 281 2240 318 gou,

1198 335 1330 372 vernes
1349 342 1496 368 comme
1521 330 1556 365 le
1582 337 1681 365 reste
1708 328 1773 364 des
1795 327 1995 377 hommes,
2017 327 2142 365 tandis
2162 340 2242 378 que

149 416 251 451 Tous
267 412 391 461 parmi
417 422 508 455 eux,
537 409 558 444 ὲ
584 408 749 456 quelque
769 403 920 441 endroit
950 399 1060 449 qu'ils
1086 410 1124 434 se
1197 396 1232 431 le
1251 393 1373 430 meme
1389 389 1494 438 jour,
1514 396 1613 434 tous,
1633 399 1718 423 sans
1733 386 1956 435 exception,
1985 386 2234 439 engendrent,

99 478 299 517 trouvent,
328 470 596 506 s'ahstiennent
618 466 798 502 d'adorer
823 462 888 499 des
911 459 1059 506 idoles,
1087 463 1124 493 et
1197 454 1375 496 naissent,
1408 448 1582 485 tombent
1601 446 1768 483 malades
1788 452 1828 482 et
1855 451 2054 492 meurent;
2085 456 2151 482 car
2176 457 2239 485 ces

97 545 152 568 un
166 531 257 579 jour
280 541 344 565 sur
360 535 463 576 sept,
493 538 564 562 eux
585 532 622 561 et
640 525 740 560 leurs
767 521 911 558 enfants
930 517 1122 554 s'abstien—
1200 513 1365 549 diverses
1390 509 1671 545 circonstances
1697 517 1746 542 ne
1774 511 1861 541 sont
1889 516 1958 554 pas
1991 515 2043 541 au
2071 516 2269 554 pouvolr„

98 597 190 627 nent
210 589 257 625 de
286 595 370 623 tout
394 586 552 629 travail,
577 583 623 619 de
651 589 754 618 toute
785 577 1056 619 construction,
1078 574 1125 610 de
1201 572 1247 608 de
1266 570 1456 606 l'homme.
2251 610 2255 611 ⁷

101 655 186 685 tout
195 658 355 695 voyage,
375 653 411 681 et
424 657 472 680 ne
489 644 570 679 sont
585 643 622 678 ni
636 641 745 677 achat
765 639 804 674 ni
818 644 940 673 vente.
955 636 1005 670 Ils
1021 632 1126 669 n'im-
1256 632 1312 679 En
1331 627 1438 676 Syrie
1458 633 1495 662 et
1515 626 1536 662 a
1560 615 1713 668 Edesse,
1737 623 1792 659 les
1809 623 1983 660 hommes
2002 629 2072 659 ont
2097 619 2240 659 l’habi-
2255 646 2267 666 χ

100 708 244 744 molent
255 717 323 754 pas
340 717 416 740 non
429 704 513 751 plus
527 713 579 737 un
595 699 729 736 animal
742 699 776 733 le
792 697 882 743 jour
899 695 951 730 du
968 692 1123 738 sabbat,
1203 689 1293 725 tude
1305 688 1397 724 dese
1407 685 1620 722 circoncire
1632 696 1680 720 en
1693 682 1952 718 l’honneurde
1959 681 2151 719 Tharatha
2165 678 2238 734 (1);
2266 725 2271 728 ⁶

101 766 146 802 ils
167 765 383 802 n'allumcnt
399 762 508 811 point
524 760 570 795 de
592 759 654 794 feu
667 785 676 802 ‚
695 758 738 793 ils
755 768 802 791 ne.
823 753 982 789 rendent
1004 763 1073 808 Bas
1092 751 1127 785 la
1200 749 1292 784 mais
1301 745 1430 795 quand
1446 746 1480 781 16
1493 743 1695 792 roiAbgar
1708 755 1745 778 se
1754 741 1811 780 fut
1824 741 1996 778 converti
2005 752 2055 777 au
2067 741 2240 779 christia·-
2276 791 2278 793 .

97 824 247 872 justice,
261 829 297 858 et
309 822 336 856 il
353 833 401 856 ne
420 832 457 856 se
473 826 606 855 trouve
626 817 714 852 chez
734 826 805 850 eux
828 824 952 848 aucun
972 811 1126 845 homme
1201 809 1318 843 nisme
1330 833 1340 851 ,
1360 806 1387 840 il
1407 804 1580 840 ordonna
1602 814 1677 851 que
1697 803 1921 850 quicunque
1943 813 1983 837 se
2000 799 2246 866 circqncirait
2274 859 2277 861 -

101 884 123 919 a
145 881 212 931 qui
232 882 266 917 16
281 880 413 916 Destin
437 875 658 914 commande
680 873 810 909 d'aller
838 883 886 907 au
906 868 1074 905 tribunal
1092 868 1127 903 le
1189 866 1324 903 aurait
1334 866 1371 900 la
1384 864 1488 900 main
1501 863 1664 911 coupee,
1675 868 1727 908 et,
1743 860 1880 910 depuis
1888 872 1931 897 ce
1940 857 2248 909 jour-lajusqu'a

98 941 188 989 jour
200 941 251 976 du
267 939 409 983 sabbat,
424 948 524 985 pour
533 944 716 983 gagnersa
727 942 838 967 cause
853 929 950 964 oula
962 927 1099 976 perdre
1114 940 1125 972 ;
1206 924 1464 973 aujourd'hui‚
1487 934 1617 982 aucun
1634 921 1789 957 homme
1813 932 1863 956 ne
1888 931 1926 956 se
1947 918 2138 956 circoncit
2152 917 2248 967 dans
2277 931 2284 979 ’λ

105 1012 156 1036 ou
181 999 227 1035 de
247 997 405 1033 demolir
429 1007 478 1030 ou
499 994 544 1029 de
568 992 678 1038 haur,
705 1003 755 1026 ou
781 989 871 1024 bien
888 987 933 1023 de
953 985 1047 1023 faire
1064 998 1129 1022 au-
1206 986 1243 1021 la
1261 984 1414 1020 contrce
1433 981 1625 1018 d'Edesse.
2190 990 2193 993 ¹

105 1069 199 1095 cunc
216 1057 261 1092 de
282 1067 341 1091 665
356 1055 484 1090 choses
501 1063 574 1100 que
588 1051 672 1086 font
686 1050 738 1084 les
750 1049 921 1083 hommes
937 1046 1003 1093 qui
1020 1044 1129 1080 n'ont
1257 1047 1338 1091 Que
1384 1044 1639 1079 dimus-nous
1687 1042 1790 1076 alors
1828 1040 1877 1077 de
1914 1046 2027 1077 notre
2067 1035 2247 1078 nouvelle

94 249 180 277 tous
197 238 251 274 les
269 235 366 272 Juifs
380 236 414 271 le
429 233 610 282 huitieme
631 230 736 278 jour,
761 227 888 278 quand
907 239 958 262 on
974 226 1028 261 les
1048 223 1123 259 cir-

97 294 343 346 concit,vafin
362 305 436 342 que
451 293 487 328 le
507 291 563 328 fer
578 301 685 339 passe
704 300 768 324 sur
780 299 874 332 eux,
896 292 932 321 et
948 295 1021 332 que
1037 282 1124 318 leur

95 367 185 404 sang
203 355 278 391 soit
292 351 477 402 repandu'.

144 1148 190 1191 (1)
211 1148 296 1180 C’est
323 1156 387 1179 une
418 1145 552 1177 divinite
586 1144 740 1185 analogue
771 1144 791 1175 a
820 1143 942 1185 Cybele
967 1153 1009 1175 ou
1040 1143 1129 1175 Rhea
1196 1135 1255 1172 liv.
1274 1147 1333 1177 vll,
1352 1137 1410 1170 ch.
1433 1140 1484 1169 24.
1507 1157 1547 1164 —
1564 1132 1746 1179 Epiphane,
1764 1138 1916 1177 Panar„
1936 1145 2011 1179 pag.
2037 1139 2185 1170 1092.—
2199 1136 2247 1170 M.
2277 1159 2280 1161 Α

105 1204 185 1229 avec
201 1194 337 1236 laquelle
355 1193 479 1225 Eusehe
495 1191 536 1223 Pa
554 1191 723 1223 assimilee.
745 1191 853 1223 Justin
871 1191 902 1223 le
925 1193 1048 1232 Martyr
1070 1191 1130 1223 fait
1198 1186 1319 1217 Matter
1343 1184 1426 1217 croit
1451 1193 1515 1225 que
1543 1192 1582 1216 ce
1613 1184 1664 1216 sut
1683 1183 1869 1216 Bardesane
1882 1184 1940 1225 qui
1964 1192 2108 1226 engagea
2136 1183 2169 1217 le
2199 1182 2283 1218 roi·

103 1236 245 1269 mention
261 1237 300 1268 de
318 1237 402 1267 cette
417 1233 566 1275 pratique
585 1246 592 1264 ι
610 1234 661 1263 καὶ
675 1236 809 1272 φανερῶς
825 1232 1032 1268 εἰς’κιναιδίαν
1046 1232 1126 1264 ἀπο·
1201 1231 1334 1273 Abgara
1351 1233 1471 1264 mettre
1481 1231 1526 1263 fin
1545 1240 1611 1263 aux
1626 1231 1833 1264 mutilations
1849 1240 1914 1272 que
1930 1230 2160 1274 s'innigeaient
2175 1239 2250 1274 oer-

101 1283 266 1315 κὸπτοντοιί
285 1292 360 1318 τινες
373 1282 424 1312 καὶ
441 1282 482 1317 εἰς
502 1281 618 1321 μητέρα
630 1281 706 1311 θεῶν
722 1281 761 1310 τὰ
773 1280 926 1320 μυστήρια
941 1279 1126 1319 ἀναφέρουσι
1201 1279 1286 1311 tains
1315 1279 1557 1311 enthousiastes
1590 1287 1631 1311 en
1659 1278 1831 1311 l'honneur
1855 1277 1897 1311 de
1916 1277 2039 1320 Cybele
2071 1279 2184 1321 (Hist.
2202 1277 2251 1312 du
2276 1315 2286 1322 „

103 1329 258 1371 (Apoloq.
274 1330 300 1367 I,
318 1336 346 1360 c.
364 1328 435 1368 27).
452 1327 552 1358 —Cf.
565 1326 875 1368 aussiS.Augustin,
888 1326 1013 1359 Cicede
1029 1327 1128 1366 Diem,
1203 1328 1438 1366 szosticz‘sylze,
1460 1328 1486 1359 t.
1507 1328 1533 1366 l,
1560 1327 1640 1358 sect.
1659 1328 1704 1366 ΙΙ,
1723 1326 1776 1358 ch.
1798 1324 1850 1368 2).

704 1499 885 1538 Eusebius,
908 1501 1083 1541 Praeparat.
1100 1501 1260 1543 evangel„
1275 1502 1339 1534 loe.
1358 1503 1416 1534 cit.
1437 1504 1597 1534 24-25-26.

100 1588 254 1634 ἐξουσίαν
276 1588 518 1640 ἐκτρεπόμενοι
541 1590 634 1640 (leg.
659 1588 942 1640 ἐντρεπόμενοι),
971 1590 1037 1641 οὐχ
1067 1588 1132 1627 ὑπὸ
1209 1591 1248 1628 οὐ
1267 1592 1520 1642 πωλῆσαι,οὖκ
1534 1590 1710 1644 ἀγοράσαι
1724 1590 1955 1644 ταῖςὴμέραις
1966 1593 2038 1630 τοῦ·
2048 1590 2250 1640 sufflatum,
2283 1596 2285 1598 ’

100 1647 204 1696 νόμου
225 1648 408 1699 ἀλλοτρίας
433 1648 550 1700 χώρας
570 1648 745 1698 ἀγόμενοι·
776 1647 852 1686 ἀλλ’
890 1647 958 1686 εἴτε
989 1649 1022 1686 ἓν
1063 1650 1132 1687 Συ·
1208 1649 1321 1689 καίτοι
1352 1651 1388 1689 ἐν
1420 1653 1463 1702 τῇ
1497 1651 1584 1702 αὐτῇ
1619 1649 1737 1703 ἡμέρᾳ
1758 1650 1959 1701 γεννώντων
1979 1649 2162 1690 Ἰουδαίων
2188 1649 2252 1690 καὶ
2281 1647 2285 1699 'v

103 1705 159 1758 ρίᾳ
176 1705 420 1758 τυγχάνουσιν,
445 1706 512 1744 εἴτε
529 1708 563 1744 ἓν
584 1706 736 1759 Γαλλίᾳ,
759 1706 826 1766 εἴτε
843 1708 876 1744 ἐν
893 1706 1042 1758 Ἰταλίᾳ,
1064 1706 1132 1746 εἴτε
1207 1709 1433 1760 γεννωμένων
1445 1709 1504 1748 καὶ
1518 1709 1712 1749 νοσούντων
1725 1709 1786 1748 καὶ
1798 1709 2102 1758 ἀποθνησκόντων.
2122 1710 2249 1750 Ταῦτα

101 1765 136 1804 ἓν
157 1764 302 1804 Ἑλλάδι
319 1763 341 1810 ἢ
359 1767 393 1803 ἐν
410 1765 547 1818 Παρθίᾳ
571 1765 593 1811 ἢ
622 1763 707 1803 ὅπου
729 1765 770 1803 ἂν
787 1768 875 1816 ὠσι,
892 1769 993 1804 τοῦτο
1011 1770 1130 1804 ποιοῦ·
1207 1769 1274 1822 γὰρ
1305 1771 1366 1808 οὐκ
1397 1769 1447 1808 ἔτι
1468 1769 1542 1808 ἐστὶ
1562 1773 1623 1808 τοῦ
1657 1768 1898 1813 αὖτεξουσίου.
2279 1763 2281 1779 ³

103 1838 169 1861 σιν.
187 1821 304 1874 εὈτιερ
335 1825 395 1861 οὐκ
416 1823 488 1861 ἔστι
517 1823 608 1862 κατὰ
636 1825 781 1873 γένεσιν·
810 1825 848 1862 οὗ
877 1823 944 1877 γὰρ
965 1823 1129 1864 δύνανται
1262 1828 1324 1868 Ἐν
1344 1832 1386 1880 τῇ
1419 1828 1534 1881 Συρίᾳ
1560 1828 1620 1867 καὶ
1653 1830 1688 1867 ἐν
1714 1832 1758 1880 τῇ
1789 1827 1970 1881 Ὀσροηνῇ
1999 1827 2245 1868 ἀπεκόπτοντο
2278 1850 2283 1855 r

106 1881 230 1925 πάντες
246 1881 410 1920 Ἰουδαῖοι
434 1881 516 1932 μίαν
535 1882 668 1933 γένεσιν
687 1882 794 1935 ἔχειν.
1207 1881 1330 1920 πολλοὶ
1350 1885 1393 1934 τῇ
1414 1881 1501 1935 Ῥέᾳ
1515 1911 1525 1930 ,
1553 1883 1614 1921 καὶ
1635 1884 1669 1920 ἐν
1689 1882 1802 1938 τούτῳ
1827 1886 1892 1934 μιᾷ
1923 1883 2014 1936 ῥοπῇ
2035 1883 2054 1920 ὁ
2081 1879 2248 1934 βασιλεὺς
2276 1879 2283 1885 ’

155 1941 177 1990 5
209 1940 272 1979 25.
308 1940 413 1979 Ἀλλὰ
440 1940 500 1979 καὶ
530 1943 573 1979 δι’
596 1944 734 1994 ἡμερῶν
765 1941 854 1979 ἑτι-τὰ
883 1942 1009 1986 πάντες
1037 1942 1124 1982 ὅπου
1207 1939 1379 1992 Ἄὸγαρος
1429 1941 1591 1980 ἐκέλευσε
1622 1943 1691 1979 τῶν
1729 1941 2028 1991 ἀποκοπτομένων
2055 1940 2102 1981 τὰ
2133 1941 2247 1980 αἰδοῖα
2282 1961 2287 1994 ,ᾗ

102 1997 143 2037 ἂν
162 1991 246 2036 ὦσιν
262 2000 421 2051 ἀργοῦσιν
447 2001 487 2038 ἐκ
502 2000 629 2044 παντὸς
649 2000 748 2052 ἔργου
770 2000 829 2038 καὶ
849 2000 926 2039 οὔτε
953 2002 1129 2040 ὁδεύουσιν
1209 2000 1469 2040 ἀποκόπτεσθαι
1482 2001 1542 2040 καὶ
1556 2000 1619 2046 τὰς
1634 2006 1777 2054 χεῖρας,
1803 2000 1864 2039 καὶ
1889 2000 2009 2040 ἓκτότε
2029 1999 2139 2044 οὐδεὶς
2159 2001 2248 2039 ἀπε·
2287 2034 2292 2039 .

102 2056 180 2096 οὔτε
200 2057 282 2110 πυρὶ
312 2061 476 2109 χρῶνται·
505 2058 583 2097 οὔτε
615 2059 802 2110 ἀναγκάζει
823 2063 844 2106 ἡ
878 2060 1009 2111 γένεσις
1033 2061 1124 2100 ’lou—
1207 2059 1357 2098 κόπτετο
1379 2062 1413 2098 ἐν
1435 2063 1478 2112 τῇ
1501 2060 1698 2113 Ὀσροηνῇ.

102 2116 196 2155 δαῖον
215 2117 253 2155 οὗ
270 2117 386 2155 κτίσαι
402 2111 510 2166 οἶκον,
526 2119 564 2156 οὖ
591 2120 801 2168 καταλῦσαι,
818 2120 879 2157 οὐκ
900 2120 1127 2172 ἐργάσασθαι,
1261 2119 1306 2158 Τί
1326 2119 1362 2157 δὲ
1389 2120 1534 2172 ἐροῦμεν
1555 2121 1637 2172 περὶ
1657 2122 1720 2166 τῆς
1734 2121 1802 2157 τῶν
1831 2120 2055 2172 Χριστιανῶν
2071 2117 2250 2173 αἱρέσεως,
2285 2139 2286 2142 “

865 2231 1005 2272 Recogn.
1025 2232 1079 2262 Ps.
1102 2230 1220 2271 Clem.,
1237 2231 1293 2271 IX,
1316 2233 1429 2263 28-29.

98 2321 172 2358 hoc
183 2321 244 2358 die
258 2327 595 2371 octavaperpessus
604 2331 673 2374 est,
689 2331 752 2361 ete
763 2332 894 2361 contra
907 2327 927 2362 J
931 2326 1129 2362 udaeorum
1209 2327 1352 2362 culum.
1370 2325 1444 2363 Sed
1464 2334 1503 2363 et
1525 2326 1634 2374 quod
1649 2338 1769 2362 unum
1794 2338 1937 2362 nomen
1957 2325 2137 2362 omnibus
2154 2326 2254 2363 inest
2282 2319 2283 2322 ¹

99 2381 224 2416 nullus
236 2381 374 2420 omisit.
395 2381 600 2428 Quomodo
615 2395 704 2433 ergo
725 2385 765 2419 in
775 2385 849 2421 hoc
868 2386 965 2421 ratio
977 2385 1130 2422 Genesis
1206 2386 1427 2434 ubicunque
1444 2385 1600 2433 fuerint,
1617 2385 1810 2434 numquid
1829 2393 1867 2422 et
1882 2386 1956 2422 hoc
1975 2397 2047 2435 per
2071 2384 2252 2422 Genesim
2282 2386 2284 2391 '

100 2439 236 2475 stabit?
253 2452 337 2475 cum
352 2453 422 2488 per
439 2448 591 2477 cunctas
607 2443 712 2478 orbis
728 2451 835 2480 terrae
855 2451 982 2492 partes
999 2457 1131 2480 omnes
1206 2445 1333 2482 venit?
1362 2451 1398 2480 et
1421 2445 1529 2494 quod
1547 2457 1746 2493 nunquam
1766 2444 1872 2494 apud
1897 2457 1963 2481 eos
1994 2443 2118 2480 infans
2141 2450 2253 2481 natus

100 2497 219 2534 Judaei
239 2499 397 2534 admixti
415 2500 588 2547 gentibus
613 2502 742 2537 vivant
762 2510 800 2538 et
827 2511 960 2539 octava
986 2503 1131 2539 ferrum
1208 2504 1426 2552 exponitur,
1461 2511 1498 2540 et
1522 2504 1628 2552 quod
1659 2505 1822 2554 septimo
1845 2515 2002 2553 quoque
2031 2501 2094 2540 die
2120 2515 2252 2551 omnes

101 2556 287 2604 perferant
307 2558 366 2594 die
379 2559 489 2594 unius
507 2560 547 2594 in
564 2561 727 2596 membri
738 2562 845 2607 loco,
860 2569 896 2598 et
912 2574 1025 2598 nemo
1040 2575 1131 2611 gen·
1206 2564 1429 2612 ubicunque
1458 2563 1603 2600 fuerint
1632 2564 1754 2599 otium
1780 2570 1919 2612 gerunt
1944 2575 2016 2599 nec
2041 2563 2115 2598 iter
2142 2563 2262 2600 inne-A
2292 2555 2293 2558 Ἴ

104 2615 241 2659 tinum,
261 2617 326 2652 sed
352 2618 423 2666 ipsi
445 2619 538 2664 soli,
567 2626 610 2654 ut
637 2619 738 2669 dixi,
758 2621 833 2657 hoc
856 2621 1030 2669 faciunt,
1052 2635 1131 2657 non
1208 2623 1304 2658 dunt
1314 2623 1472 2672 necigni
1487 2623 1673 2659 utuntur?
1687 2622 1846 2672 quidest
1861 2634 1970 2671 ergo,
1984 2621 2091 2671 quod
2103 2621 2252 2658 nullum
2284 2651 2285 2658 ,

103 2673 207 2709 stella
235 2683 393 2723 cogente
419 2689 489 2713 nec
520 2677 739 2726 perfusione
774 2681 965 2729 sanguinis
993 2693 1132 2729 perur-
1205 2679 1431 2718 Judaeorum
1448 2683 1487 2717 in
1503 2683 1569 2718 illa
1585 2682 1648 2718 die
1670 2682 1774 2731 cogit
1787 2681 1941 2719 Genesis
1954 2688 2021 2717 aut
2035 2681 2108 2717 iter
2120 2692 2250 2732 agere,
2278 2699 2287 2727 j

103 2738 232 2781 gente,
247 2733 311 2769 sed
333 2734 415 2783 lege
434 2736 626 2785 religionis
646 2737 826 2785 adducti,
846 2740 936 2775 etin
953 2752 1131 2788 quocun-
1208 2747 1274 2777 aut
1284 2739 1488 2786 aedificare,
1505 2749 1572 2777 aut
1586 2741 1753 2778 vendere
1770 2740 1929 2789 aliquid,
1945 2747 2012 2776 aut
2022 2740 2171 2776 emere?
2279 2784 2281 2786 q

106 2801 179 2838 que
199 2791 301 2827 orbis
322 2792 408 2829 1060
426 2793 577 2839 fuerint,
597 2796 670 2832 hoc
690 2804 744 2832 est
759 2799 812 2833 eis
829 2799 973 2847 insigne
992 2810 1130 2834 verna-
1165 2816 1173 2848 1
1263 2812 1326 2848 29.
1352 2801 1454 2847 Quin
1481 2801 1559 2837 imo
1589 2807 1627 2837 et
1655 2799 1841 2848 majorem
1871 2797 1986 2836 fidem
2005 2811 2134 2836 rerum
2154 2810 2250 2848 prae·
2277 2835 2279 2838 Α

890 2903 1067 2945 Caesarius,
1090 2904 1312 2946 Quaesfiones,
1327 2905 1391 2938 loc.
1413 2906 1474 2939 cit.

108 3000 161 3072 *δῇ
178 3005 244 3040 τῶν
263 3003 396 3058 ἄστρων
412 3006 495 3058 πρὸς
514 3007 557 3047 τὰ
576 3010 752 3061 αἱρεθέντα
771 3011 977 3064 εἰργόμενοι.
1002 3015 1076 3054 Νῦν
1095 3014 1131 3053 δὲ
1207 3014 1302 3060 ξατο.
1327 3015 1509 3056 Πλείστων
1541 3016 1657 3068 (add.
1684 3018 1834 3053 videtur
1861 3007 1940 3065 οῧν)
1978 3012 2156 3053 Ἰουδαίων
2188 3012 2250 3052 καὶ
2286 3046 2287 3051 ,

109 3061 437 3131 φαναιΙβούλομαιβ
453 3066 512 3104 καὶ
525 3069 595 3105 τῶν
612 3068 767 3107 ἀπίστων
780 3071 919 3109 πάντων
935 3074 1133 3126 ἀπορράψει
1207 3073 1387 3121 Ἑλλήνων
1403 3074 1462 3112 καὶ
1483 3077 1706 3126 Χριστιανῶν
1725 3073 1817 3112 κατὰ
1833 3072 1912 3116 τοὺς
1925 3070 2050 3117 αὐτοὺς
2063 3074 2175 3122 μῆνας
2186 3071 2246 3110 καὶ
2271 3092 2275 3094 -

110 3116 154 3155 τὰ
170 3133 338 3189 στομριτα.
361 3123 523 3162 Ἰουδαῖοι
539 3126 680 3175 πάντες,
699 3127 757 3166 τὸν
786 3129 843 3168 διὰ
860 3131 1016 3176 Μωσέως
1034 3132 1133 3177 δεξά-
1207 3133 1404 3184 ἑὸδομάδας
1428 3134 1489 3172 καὶ
1520 3133 1655 3185 ἡμέρας
1673 3132 1733 3172 καὶ
1759 3132 1852 3186 ὥρας
1879 3131 2120 3183 γεννωμένων,
2143 3129 2250 3181 Ἄρης
2279 3162 2282 3166 .

113 3191 208 3248 μενοι
224 3179 338 3249 λογον,
374 3187 443 3218 πᾶν
463 3182 564 3235 ἄρρεν
586 3186 723 3237 λογικὸν
744 3189 859 3233 αὐτοῖς
878 3189 1060 3242 γινόμενον
1084 3195 1128 3244 τῇ
1207 3193 1304 3244 (leg.
1323 3197 1391 3232 ποῦ
1411 3190 1541 3245 Ἄρης)
1563 3192 1586 3240 ἢ
1607 3191 1744 3245 Ἑρμῆς
1762 3191 1785 3239 ἢ
1805 3189 1974 3244 Κύπρις-ἢ
1996 3193 2014 3230 ὂ
2029 3189 2150 3234 λοιπὸς
2163 3188 2250 3229 ζΕλ·
2283 3219 2285 3222 .

112 3235 214 3305 6γίοῃ
237 3238 350 3308 ἧξὲρχᾳ
371 3241 627 3290 περιτέμνοντες
647 3245 888 3295 αῖμάττουσιν·
910 3250 980 3288 ἀπὸ
1006 3250 1042 3289 δὲ
1071 3254 1131 3289 τοῦ
1206 3251 1320 3298 λήνων
1333 3256 1450 3303 μῦθος,
1465 3254 1537 3295 ἑνὸς
1555 3251 1686 3290 κύκλου
1697 3250 1966 3303 ἐμπεριέχοντος
1981 3249 2027 3289 τὰ
2042 3250 2174 3299 πάντα,
2187 3249 2248 3287 καὶ

114 3294 235 3338 (dmitos
249 3295 354 3338 Ουδῑῑς
367 3297 546 3344 Ἑλλήνων
565 3301 587 3348 ἢ
604 3303 823 3354 Χριστιανῶν
843 3308 1038 3360 περιτομὴν
1055 3309 1130 3347 ἐδέ-
1210 3311 1354 3362 μηδενὸς
1387 3312 1453 3351 ὑπὸ
1484 3310 1639 3364 ἀστέρων
1667 3310 1899 3363 βιαζομένους
1933 3311 1989 3349 Οὐ
2018 3308 2086 3361 γὰρ
2121 3309 2247 3347 πάντες
