2294 3620
94 187 168 226 ΗΞ

91 335 142 384 τῷ
172 333 318 384 ἀρχηγῷ
342 333 476 381 αὐτῶν,
507 330 670 384 πρέσὸεις
709 330 874 383 πρότερον
904 327 1116 367 ἀπέστελλον

92 391 177 443 πρὸς
207 391 266 429 τὸν
288 390 434 443 βασιλέα
459 389 695 443 Ἀρταὸάνην,
718 391 839 437 Ζηκᾶν
857 386 916 426 καὶ
936 389 1114 438 Καρινᾶν,

93 448 274 499 μεγίστους
291 449 480 501 γενεάρχας
498 449 558 488 καὶ
571 447 798 501 στρατηγοὺς,
813 448 932 489 οἵτινες
950 442 1116 483 ἀπελθόν-

92 522 148 552 τες
179 507 330 554 ἔστησαν
365 506 515 546 ἐναντίον
550 509 611 545 τοῦ
644 503 911 557 ἀρχιὸασιλέως.
937 503 970 541 Ἀ
978 501 1044 553 ρχὴ
1080 499 1116 538 δὲ

92 567 161 604 τῶν
181 564 291 616 λόγων
308 565 420 602 αὐτῶν
440 558 481 611 ἧν
503 563 608 610 αὕτη·
621 563 746 612 Ἡμεῖς
766 561 930 613 πρέσὸεις
948 560 1093 608 Περσῶν
1107 572 1116 581 ·

94 623 155 662 καὶ
171 624 201 662 εἷ
216 623 424 675 ἣμερωτάτη
438 622 560 674 γνώμη
579 621 656 665 τοὺς
674 620 771 672 παρὰ
794 621 936 671 Περσῶν
958 616 1117 661 δέξασθαι

97 682 235 733 λόγους,
253 681 404 726 λέξωμεν
428 680 486 719 καὶ
500 674 554 719 οἶα
575 679 736 732 πρέσὸεις
755 679 874 728 λόγους
891 675 1116 727 ἐπαγγέλλειν

95 738 262 788 πολλοὺς,
284 739 389 792 φόὸου
408 739 468 776 καὶ
495 738 649 776 κινδύνου
669 736 734 781 ἔξω
762 735 996 786 ὑπάρχοντες,
1015 734 1116 769 τοῦτο

97 797 156 836 καὶ
186 800 245 836 τοῦ
265 797 370 847 νόμου
399 795 616 842 κελεύοντος,
652 793 688 831 ὃν
718 793 909 831 τεθείκασιν
944 792 976 828 οἵ
1006 789 1118 827 πάλαι

96 855 250 907 ἄριστοι,
283 855 425 897 ἀπαθεῖς
443 853 520 896 τοὺς
539 851 784 901 στελλομένους
808 848 970 901 πρέσὸεις
987 845 1119 899 ’φυλά-

98 912 228 957 ξαντες.
251 914 296 951 Ei
318 906 375 950 οῧν
403 914 605 962 συγχωρῇς,
630 910 772 961 βασιλεῦ
786 938 796 954 ,
819 909 975 959 ἐροῦμεν.
994 905 1119 956 Ἀρτα-

98 969 206 1017 ὅάνης
222 970 258 1008 δὲ
279 973 298 1008 ὁ
315 968 474 1021 βασιλεὺς
493 967 603 1005 ἐδίδου
624 967 739 1010 αὐτοῖς
754 964 873 1017 χώραν
889 964 1015 1015 λέγειν,
1033 960 1118 1013 ὅπερ

100 1027 295 1079 βούλονται.

149 1087 171 1135 S
189 1101 222 1132 7.
239 1079 375 1137 ’Ἦρχόν
385 1099 421 1121 τε
433 1084 475 1131 (l.
486 1081 673 1135 Ἤρχοντο)
692 1081 727 1120 δὲ
738 1084 798 1119 τοῦ
813 1079 916 1131 λόγου
930 1077 1051 1118 λοιπὸν
1067 1076 1120 1116 οὕ-

97 1159 177 1187 τως·
188 1138 240 1182 ῗΩ
256 1144 396 1195 βασιλεῦ
407 1171 421 1191 ,
438 1141 529 1179 ἔστιν
543 1143 720 1190 παρ’ἦμῖν
734 1145 803 1183 τοῖς
823 1139 974 1189 Πέρσαις
991 1136 1119 1187 μελέτη

97 1202 137 1239 τὸ
151 1207 221 1245 τοῖς
239 1201 432 1253 βασιλεῦσιν
453 1198 725 1245 ὑποτάσσεσθαι,
737 1191 792 1236 οἶα
809 1201 867 1235 τοῦ
884 1196 1054 1249 βασιλέως
1071 1196 1122 1232 δε·

99 1260 228 1298 σπότου
240 1257 467 1310 τυγχάνοντος
486 1257 623 1294 πάντων
636 1273 644 1280 ·
660 1257 761 1295 αὐτὸν
778 1256 813 1294 δὲ
829 1257 886 1295 τὸν
903 1254 1049 1306 βασιλέα
1069 1254 1122 1292 εὖ·

98 1318 201 1370 νομία
230 1318 289 1356 καὶ
320 1314 519 1367 δικαιοσύνῃ
543 1315 586 1352 τὰ
617 1316 811 1366 πράγματα
839 1314 1034 1366 κυέερνᾷν,
1060 1312 1123 1356 ἔξω

100 1376 314 1428 βαρὸαρικῆς
341 1373 538 1427 φρονήσεως
558 1374 822 1423 πολιτεύεσθαι,
841 1374 901 1411 καὶ
924 1372 1123 1414 ἀντιπάλοις

97 1433 159 1483 μὲν
176 1433 316 1486 φοὸερὸς
329 1432 530 1484 φαίνεσθαι,
546 1433 709 1478 ὑπηκόοις
726 1431 761 1469 δὲ
779 1431 939 1474 εὐνοϊκός.
957 1432 1039 1473 Πῶς
1056 1428 1122 1481 γὰρ

97 1485 165 1535 οἶός
185 1495 257 1531 ἐστι
286 1491 431 1529 κωλύειν
448 1492 666 1537 ἀδικοῦντας,
686 1489 783 1543 εἴπερ
805 1489 904 1532 αὐτὸς
922 1489 1120 1540 ἀπάρχεται

99 1550 251 1596 ἀδικίας,
272 1552 346 1592 πῶς
363 1551 568 1600 τιμωρεῖται
591 1547 669 1592 τοὺς
685 1549 780 1586 δεῖνα
800 1549 1036 1599 πράττοντας,
1058 1549 1099 1584 αὖ
1114 1569 1124 1574 -

96 1610 153 1652 τὸς
172 1608 354 1660 πρόχειρος
368 1608 414 1650 εἷς
441 1608 484 1644 τὰ
504 1606 818 1657 πλημμελήματα;
850 1606 979 1656 Ἡμεῖς
997 1612 1120 1657 πεῖραν

99 1669 167 1705 τῶν
186 1670 254 1705 σῶν
274 1667 392 1703 δεινῶν
411 1665 606 1718 εἰληφότες,
629 1669 690 1713 τῆς
706 1669 766 1711 σῆς
784 1666 965 1717 βασιλείας
983 1664 1125 1707 ἑαυτοὺς

101 1724 358 1776 ἐστερήσαμεν,
376 1723 415 1761 οὐ
440 1727 618 1772 μισοῦντες
639 1725 878 1774 ὑποταγῆναι,
897 1722 988 1760 ἀλλὰ
1008 1722 1125 1774 παρά·-

100 1798 205 1833 νομον
239 1782 385 1834 βασιλέα
424 1781 628 1834 φεύγοντες,
663 1783 701 1820 οὐ
731 1787 973 1833 τυραννοῦντες
987 1811 996 1829 ,
1035 1780 1125 1818 ἀλλὰ

101 1841 305 1892 τυραννικὴν
327 1839 468 1891 γνώμην
490 1840 538 1889 μὴ
559 1839 731 1893 φέροντες.
789 1843 912 1879 Ταῦτα
931 1843 999 1878 τῶν
1030 1842 1102 1891 Περ
1117 1863 1126 1868 -

103 1902 172 1937 σῶν
193 1899 236 1938 τὰ
252 1899 406 1952 ῥήματα.
436 1898 481 1937 ‘O
495 1899 529 1937 δὲ
551 1898 710 1949 βασιλεὺς
727 1899 941 1951 Ἀρταὸάνης
959 1898 1126 1942 πλείστας

103 1957 195 2010 ὥρας
213 1958 329 2000 κλίνας
350 1956 412 2004 τὴν
439 1957 615 2009 κεφαλὴν,
635 1957 695 1996 καὶ
715 1960 851 2010 Θεωρῶν
872 1961 918 2001 εἷς
932 1958 970 1996 τὸ
985 1959 1125 2010 ἔδαφος,

102 2017 263 2068 προεώρα
283 2015 344 2061 τὴν
366 2015 559 2065 μέλλουσαν
586 2016 758 2055 ἔκπτωσιν
791 2019 851 2063 τῆς
871 2016 997 2059 οἰκείας
1028 2019 1127 2068 βασι·

102 2073 210 2119 λείας,
227 2072 286 2111 καὶ
298 2071 495 2125 ἀποὸλέψας
507 2072 591 2125 πρὸς
610 2072 687 2117 τοὺς
706 2074 895 2117 σταλέντας
909 2074 1014 2125 λέγει·
1032 2074 1127 2125 Ἐγὼ

103 2133 166 2177 τῆς
184 2130 315 2183 ὕὸρεως
333 2130 462 2176 ταύτης
476 2129 581 2174 αἴτιος
595 2161 604 2176 ,
630 2130 707 2174 τοὺς
729 2130 790 2181 μὲν
809 2130 934 2183 ἀρχαῖς
954 2133 1012 2170 καὶ
1027 2132 1126 2176 ἐξου-

104 2188 194 2233 σίαις
218 2188 387 2240 τιμήσας,
414 2188 492 2232 τοὺς
511 2188 546 2226 δὲ
566 2190 726 2228 πλουτεῖν
757 2191 1015 2242 παρεσχηκὼς,
1039 2193 1129 2230 πολ-

102 2246 180 2290 λοὺς
196 2247 231 2285 δὲ
260 2247 403 2300 δωρεαῖς
431 2248 630 2298 βασιλικαῖς
649 2249 708 2286 καὶ
723 2250 838 2301 ἀγρῶν
857 2251 915 2288 καὶ
939 2249 1127 2299 κτημάτων

103 2305 237 2358 κυρίους
251 2305 490 2352 καταστήσας.
512 2305 632 2356 Ὑμεῖς
659 2306 693 2345 δὲ
716 2313 863 2360 χωρεῖτε
880 2309 964 2359 πρὸς
985 2309 1024 2347 τὸ
1047 2312 1127 2361 βου·

102 2364 219 2402 λευθὲν
243 2365 324 2415 παρ’
345 2366 459 2414 ὑμῶν·
490 2364 613 2418 ὄψεσθε
635 2364 672 2403 δέ
706 2382 749 2413 με
769 2367 853 2418 πρὸς
877 2367 939 2411 τὰς
963 2369 1130 2420 ὑμετέρας

103 2422 244 2474 γνώμας
270 2423 641 2476 μεταρῤυθμιζόμενον.
675 2424 812 2470 Διδάξω
845 2429 935 2475 ὑμᾶς
965 2427 1014 2477 μὴ
1038 2427 1131 2464 ἀνοί-

107 2485 252 2519 στασΟαι
276 2482 424 2533 βασιλεῖ.
453 2482 500 2521 Οἱ
536 2482 572 2520 δὲ
592 2481 776 2528 σταλέντες
804 2487 902 2530 ὑμεῖς
937 2486 1128 2536 βαδίσατε,

109 2539 231 2589 μηκέτι
262 2539 422 2578 τοιούτων
442 2539 553 2591 λόγων
582 2541 748 2593 ὑπουργοὶ
777 2543 971 2593 γινόμενοι,
1005 2544 1130 2593 μήπως

107 2599 195 2647 ὑμᾶς
210 2597 362 2648 πρώτους
380 2601 442 2643 τῆς
457 2600 543 2647 ἐμῆς
558 2598 689 2652 ὕὸρεως
709 2601 806 2645 δίκας
823 2601 1036 2653 ἀπάρξομαι.

161 2656 182 2704 5
204 2657 241 2692 8.
262 2657 384 2694 Ταῦτα
415 2656 627 2701 ἀκούσαντες
647 2661 765 2706 Ζηκᾶς
785 2659 844 2699 καὶ
867 2663 1021 2712 Καρινᾶς
1054 2664 1132 2702 ἐπο-

110 2712 245 2763 ρεύοντο
267 2714 313 2756 εἷς
341 2713 380 2751 τὸ
400 2713 573 2766 συνέδριον
600 2718 667 2754 τῶν
692 2719 858 2770 Περσῶν,
888 2718 948 2756 καὶ
977 2718 1131 2764 ἐλθόντες

110 2770 322 2822 ἀπήγγειλαν
343 2770 481 2810 ἅπαντα
500 2776 549 2824 τῷ
565 2788 602 2812 τε
619 2774 805 2829 Ἀρτασιρᾷ
824 2776 883 2814 καὶ
904 2784 975 2821 τοῖς
995 2779 1129 2822 λοιποῖς

112 2830 261 2880 ἀρίστοις
277 2833 344 2867 τῶν
368 2832 530 2881 Περσῶν,
543 2835 823 2885 προστεθεικότες
841 2839 911 2879 τοῖς
933 2837 1127 2888 εἰρημένοις

111 2885 169 2923 καὶ
181 2886 241 2932 τὴν
263 2887 385 2936 μανίαν
402 2891 460 2925 τοῦ
480 2889 649 2939 βασιλέως
661 2920 670 2938 ,
691 2893 736 2934 ὡς
753 2893 878 2941 μηκέτι
900 2895 1130 2940 ἀναμένοντος

113 2944 211 2981 αὐτοῦ
232 2944 389 2996 δευτέραν
411 2947 644 2998 ἀπαγγελίαν,
674 2951 752 2988 ἀλλ’
781 2951 1010 3000 ὁπλιζομένου
1037 2953 1130 2991 κατὰ

113 3003 179 3037 τῶν
204 3004 262 3046 τῆς
288 3003 410 3052 βουλῆς
432 3005 606 3056 ἀρχηγῶν·
641 3008 659 3044 ὁ
679 3007 714 3045 δὲ
747 3008 973 3062 Ἀρτασιρᾶς,
989 3011 1131 3064 πέμψας

113 3058 196 3108 πρὸς
209 3058 452 3110 Ἀρταδοῦκῒαν
466 3091 476 3107 2
500 3062 616 3115 ἔφερεν
635 3066 693 3103 καὶ
716 3067 927 3121 ὀχυρωτάτῳ
947 3070 1130 3109 καστέλλω

114 3116 238 3162 ταύτην
266 3122 411 3171 καθῑσῒᾷ
431 3119 505 3169 ἅμα
531 3127 600 3165 τοῖς
624 3124 760 3168 οἰκείοις
791 3127 1008 3177 πράγμασιψ
1029 3110 1131 3173 αὐτὸς

115 3172 151 3209 δὲ
171 3174 335 3218 ὡπλίζετο
368 3178 455 3225 μετὰ
480 3180 620 3230 Περσῶν
655 3182 713 3220 καὶ
731 3182 919 3237 Ἀσσυρίων
948 3186 1039 3225 κατὰ
1069 3192 1129 3226 τοῦ

157 3279 202 3330 (l)
216 3280 258 3310 Le
274 3288 348 3311 nom
369 3281 407 3312 (le
422 3285 520 3322 Ζηκᾶς
540 3295 579 3318 ne
600 3296 680 3318 nous
699 3291 749 3322 est
771 3298 829 3330 pas
849 3299 965 3324 connu.
988 3293 1132 3329 Quanta

115 3324 199 3378 celui
219 3325 260 3356 de
275 3327 418 3367 Καρινᾶς,
433 3329 510 3363 ‹z'est
526 3332 555 3362 la
572 3333 671 3365 forme
687 3344 825 3376 greeque
842 3336 885 3368 du
903 3346 978 3370 nom
1002 3339 1043 3371 de
1061 3342 1130 3372 Ga-

117 3379 218 3411 renc,
237 3372 329 3412 porte
356 3382 411 3414 par
430 3384 490 3408 une
509 3378 627 3411 familie
650 3382 794 3422 celebre,
824 3383 903 3417 dont
923 3384 971 3418 les
998 3385 1133 3419 descen·

998 179 1325 222 AGATHANGE.

92 275 175 326 πρὸς
192 273 342 325 πόλεμον
360 274 540 318 ἀπιδόντες
556 276 587 313 οἱ
609 274 744 327 Πέρσαι
765 274 840 325 ἅμα
858 274 906 325 τῷ
922 271 954 310 Ἀ
963 275 1112 322 ρτασιρᾷ
1149 265 1155 331 1
1188 267 1323 300 ducunt·
1337 266 1464 303 Quare,
1479 264 1552 296 0ήῦ
1564 262 1651 302 1⁰00,
1668 263 1777 295 Persae
1791 270 1867 293 cum
1883 260 1968 295 (¹¹1oe
1979 269 2038 294 ⁸¹¹⁰
2057 262 2251 305 Ᾱηὸῧῑῗὸιῖ

1189 337 1229 370 ad
1242 337 1363 369 bellum
1380 334 1600 376 respicientes,
1612 332 1653 365 ad
1663 341 1772 374 regem
1782 331 1981 365 Artabanem
1997 331 2089 374 prius
2099 323 2227 376 legato&

1189 406 1347 438 miserunt
1362 406 1478 438 Zecam
1493 404 1528 435 et
1546 402 1698 435 carinam
1708 400 1767 444 (l),
1778 401 2018 443 proepruarum
2031 401 2227 444 familiarum
2240 427 2255 442 ‚,

1188 475 1350 518 principes
1375 475 1410 507 et
1436 473 1513 506 belli
1528 472 1641 505 duces.
1667 472 1710 504 Hi
1731 471 1912 512 abeuntes,
1932 472 2096 504 steterunt
2113 480 2230 504 eoram
2251 460 2255 501 J

1188 555 1262 588 rege
1286 554 1400 586 regum
1419 542 1476 585 (2).
1497 542 1700 584 Principium
1725 550 1806 574 vero
1831 541 1998 582 dictorum
2025 550 2141 574 eorum
2163 541 2230 574 hoe

1190 617 1260 647 erat
1282 628 1289 646 :
1307 616 1372 646 Nos
1389 622 1503 645 sumus
1519 612 1619 654 legati
1638 614 1814 644 Persarum
1838 625 1847 643 ι
1868 611 1897 644 si
1914 620 2009 644 mens
2025 611 2087 644 tibi
2102 610 2232 654 placida
2245 619 2252 622 ⁷

1190 683 1231 714 ad
1245 681 1442 714 audiendum
1456 683 1631 713 Persarum
1640 680 1754 719 verba,
1766 680 1942 721 loquamur
1951 679 2049 712 etiam
2059 667 2235 722 tamquam
2246 666 2259 694 ⁵³

1189 750 1288 791 legati
1300 750 1404 781 multa
1418 749 1590 790 legationis
1602 749 1705 782 verba
1719 749 1789 782 sine
1800 750 1916 782 timore
1930 755 1963 783 ot
1981 750 2142 793 periculo,
2155 759 2232 785 cum

1192 820 1226 852 et
1243 819 1293 851 lex
1314 818 1347 850 id
1363 818 1494 860 Jubeat,
1526 828 1626 860 quam
1654 820 1842 851 statuerunt
1858 819 1938 852 olim
1956 820 2152 863 optimates,
2175 819 2232 862 qul
2255 834 2259 841 2

1192 889 1316 930 legatos
1334 888 1375 920 ab
1391 888 1480 920 omni
1500 888 1712 935 perpessione
1731 889 1909 922 servabant
1926 889 2101 922 immunes.
2121 889 2156 922 Si
2169 887 2232 931 igt-
2253 907 2255 910 ⁴

1193 959 1250 991 tur
1265 957 1448 999 permittis,
1472 966 1526 989 rex
1539 982 1547 996 ‚
1566 957 1726 989 dicemus.
1747 959 1816 990 Rex
1840 967 1919 991 vero
1940 958 2122 991 Artabanes
2143 957 2254 992 dedit>

1193 1030 1241 1062 eis
1259 1029 1425 1062 licentiam
1442 1027 1574 1060 dicendi
1590 1027 1679 1068 quod
1703 1028 1835 1061 vellent.

1235 1093 1254 1135 §
1266 1095 1296 1125 7.
1313 1092 1439 1125 Deinde
1453 1100 1636 1124 sermonem
1647 1091 1757 1123 exorsi
1771 1093 1848 1124 sunt
1859 1091 1905 1124 ita
1919 1105 1927 1124 z
1939 1094 1967 1124 Ο
1980 1101 2039 1126 rex
2049 1117 2058 1132 ,
2077 1091 2164 1135 apud
2175 1100 2238 1125 nos

1194 1165 1311 1196 Persas
1335 1171 1415 1195 cura
1432 1164 1466 1194 et
1485 1161 1633 1194 studium
1649 1163 1721 1200 est,
1738 1162 1777 1193 ut
1802 1162 1871 1203 regi
1891 1161 2102 1202 obediamus,
2118 1141 2239 1204 quippe
2272 1159 2275 1162 ’

1195 1243 1270 1266 eum
1282 1242 1342 1266 rex
1354 1234 1396 1266 sit
1406 1232 1552 1265 omnium
1563 1232 1717 1264 dominus
1727 1245 1734 1264 :
1746 1235 1784 1265 ut
1796 1242 1876 1265 vero
1885 1242 1943 1266 rex
1956 1233 2026 1275 ipse
2035 1242 2076 1266 ex
2085 1233 2239 1275 aequitate

1195 1304 1229 1336 et
1237 1302 1365 1343 justitia
1379 1309 1432 1334 res
1442 1300 1667 1341 administret,
1683 1302 1751 1334 siue
1764 1302 1936 1335 barbarico
1947 1311 2046 1335 seusu
2055 1302 2236 1345 gubernet,
2270 1317 2274 1320 »

1196 1356 1238 1405 ut
1254 1373 1287 1404 et
1307 1371 1448 1403 inimicis
1468 1369 1604 1412 quidem
1629 1370 1786 1403 terribilis
1805 1373 1982 1413 appareat,
2001 1371 2144 1405 subditis
2160 1381 2240 1407 vero

1196 1443 1385 1475 benevolus.
1405 1444 1478 1480 Qua
1499 1442 1587 1475 enim
1607 1441 1734 1475 ratione
1750 1443 1873 1484 poterit
1892 1442 2047 1485 injuriam
2065 1442 2242 1478 inferentes
2267 1430 2270 1435 ’

1197 1513 1314 1554 punire
1326 1538 1335 1553 ,
1350 1513 1378 1545 si
1399 1512 1470 1554 ipse
1484 1512 1526 1545 ab
1547 1512 1678 1554 inJuriis
1693 1512 1892 1554 principium
1913 1512 2013 1546 ducat
2023 1516 2038 1546 Ξ·
2059 1522 2126 1556 quo
2142 1514 2242 1548 modo

1199 1584 1310 1625 gravia
1323 1583 1569 1616 committentes
1583 1582 1744 1625 supplicio
1768 1582 1910 1623 afficiet,
1922 1583 1950 1616 si
1967 1583 2038 1626 ipse
2056 1584 2091 1617 in
2118 1585 2240 1619 delicta

1198 1653 1241 1685 sit
1267 1655 1461 1694 promptus?
1488 1654 1554 1685 Nos
1578 1651 1705 1694 experti
1724 1652 1835 1694 gravia
1853 1654 1911 1685 tua
1925 1652 2056 1694 delicta,
2076 1654 2166 1696 regio
2181 1656 2242 1687 tuo

1197 1723 1335 1765 imperio
1368 1732 1428 1755 nos
1461 1723 1705 1765 subtraximus,
1722 1733 1788 1756 non
1817 1723 1894 1756 odio
1926 1723 2157 1767 subjectionis,
2181 1724 2242 1759 sed

1199 1788 1362 1830 fugientes
1379 1797 1490 1830 regem
1506 1788 1713 1830 improbum3
1731 1794 1797 1820 non
1810 1788 2015 1829 tyrannidem
2031 1790 2240 1832 arripientes,

1200 1861 1257 1893 sed
1282 1870 1417 1893 sensum
1441 1859 1650 1901 tyrannicum
1685 1869 1750 1892 non
1775 1860 1925 1892 sere-ntes.
1957 1862 2036 1894 Haec
2069 1864 2244 1897 Persarum

1198 1937 1310 1969 verba.
1327 1939 1370 1969 At
1386 1946 1444 1969 rex
1464 1937 1645 1970 Artabanes
1663 1937 1818 1970 inclinato
1834 1936 1876 1969 ad
1891 1936 2002 1978 plures
2018 1933 2117 1966 horas
2135 1933 2243 1976 capite

1200 2005 1241 2037 ad
1259 2005 1482 2047 pavimentum
1500 2005 1716 2046 respiciebat,
1736 2005 1922 2047 praevidens
1938 2003 2089 2036 futurum
2104 2010 2122 2034 e
2139 2010 2242 2043 regno

1201 2082 1260 2104 suo
1273 2073 1402 2114 lapsum
1428 2087 1435 2104 :
1457 2070 1531 2105 inde
1549 2072 1669 2105 missos
1690 2072 1847 2112 intuitus,
1866 2070 1974 2104 dixit:
1993 2069 2067 2112 Ego'
2076 2069 2175 2111 hujus
2195 2068 2242 2101 in-

2292 2129 2294 2132 .
2276 2015 2294 2114 ³4..-
2284 1958 2294 2007 Δ»
2271 1643 2294 1938 -.ΜΛΔ-..τεημιωη-...ὲ

1197 2141 1295 2181 Juriae
1314 2144 1428 2181 auctor
1445 2149 1532 2179 sum,
1547 2139 1605 2181 qui
1622 2139 1703 2171 alios
1722 2138 1959 2181 principatibus
1970 2139 2004 2170 et
2024 2134 2244 2178 potestatibus
2266 2126 2269 2128 ’
2286 2142 2294 2175 τῇ

1201 2208 1376 2247 honoravi,
1408 2207 1490 2240 alios
1515 2206 1640 2239 divitiis
1669 2205 1745 2238 auxi
1759 2230 1767 2245 ,
1795 2205 1920 2237 multos
1952 2203 2048 2236 donis
2080 2201 2244 2244 regalibus
2287 2218 2294 2238 13

1201 2284 1352 2315 agrorum
1366 2277 1400 2307 et
1413 2273 1660 2316 possessionum
1679 2272 1829 2305 dominos
1846 2270 2019 2304 constitui.
2049 2271 2118 2302 Vos
2133 2269 2246 2302 autem
2291 2266 2294 2308 f

1202 2342 1287 2374 abite
1303 2341 1344 2373 ad
1366 2341 1500 2374 consilia
1524 2350 1543 2373 a
1568 2339 1662 2372 vobis
1684 2339 1826 2372 decreta.
1853 2340 1906 2370 Me
1925 2346 2004 2371 vero
2023 2335 2245 2382 videbitisxad
2290 2326 2294 2338 ¹

1203 2410 1380 2442 sententias
1400 2411 1526 2442 vestras
1543 2407 1837 2441 accommodatum.
1856 2401 1992 2439 Docebo
2010 2414 2068 2438 vos
2086 2404 2154 2447 regi
2172 2412 2237 2437 uon

1202 2476 1366 2509 resistere.
1397 2478 1466 2508 Vos
1490 2485 1568 2508 vero
1591 2474 1685 2507 missi
1708 2473 1896 2513 abscedite,
1916 2481 1977 2505 nec
2003 2475 2151 2514 unquam
2171 2479 2243 2503 am-

1203 2540 1289 2581 plius
1304 2539 1465 2581 ejusmodi
1496 2547 1686 2571 sermonum
1703 2537 1790 2570 fiatis
1817 2535 1979 2576 ministri,
2007 2543 2048 2567 ne
2066 2533 2245 2567 vindictam

1202 2604 1327 2645 injuriae
1340 2603 1422 2635 mihi
1431 2603 1530 2636 illatae
1542 2613 1562 2636 a
1576 2602 1673 2636 vobis
1690 2601 1853 2635 exordiar.

1243 2669 1262 2710 ἓ
1290 2672 1321 2701 8.
1348 2670 1428 2701 Haee
1452 2668 1643 2709 audientes,
1670 2669 1771 2700 Zecas
1792 2668 1826 2699 et
1855 2665 1991 2698 Carinas
2017 2664 2168 2698 abierunt
2201 2663 2245 2696 ad

1202 2737 1376 2769 concilium
1406 2738 1602 2776 Persarum,
1621 2735 1854 2776 venientesque
1877 2732 2156 2767 annuntiaverunt
2170 2741 2245 2764 om-

1207 2803 1260 2836 nia
1278 2803 1435 2836 Artasirae
1455 2805 1490 2836 et
1507 2803 1642 2844 reliquis
1660 2804 1836 2835 Persarum
1862 2799 2058 2843 primatibus
2081 2813 2090 2832 z
2112 2798 2246 2832 addide-
2283 2839 2285 2842 Α

1203 2874 1280 2905 runt
1298 2872 1396 2904 etiam
1420 2871 1518 2905 dietis
1540 2871 1687 2905 insanam
1706 2870 1793 2912 regis
1814 2870 1918 2908 iram,
1939 2878 2006 2901 non
2022 2866 2245 2910 exspectantis

1201 2945 1347 2978 unquam
1362 2937 1558 2978 legationem
1571 2935 1766 2976 secundam,
1788 2935 1848 2968 sed
1865 2933 1982 2966 armati
2001 2932 2160 2966 adversus
2175 2932 2239 2964 du-

1202 3010 1257 3033 ces
1275 3000 1411 3033 consilii.
1440 3001 1604 3034 Artasiras
1633 3002 1746 3034 autem
1771 3000 1906 3033 mittens
1935 2998 1978 3031 ad
2005 2997 2238 3036 Artaductam,

1203 3074 1275 3098 eam
1293 3065 1430 3097 abstulit
1448 3067 1481 3098 et
1496 3066 1716 3099 munitissimo
1726 3075 1802 3098 eum
1815 3065 1914 3098 rebus
1929 3064 1999 3097 suis
2018 3063 2152 3097 inclusit
2165 3072 2240 3096 cas-

1202 3132 1279 3163 tello
1301 3145 1308 3163 :
1328 3131 1398 3173 ipse
1418 3141 1497 3164 vero
1527 3142 1605 3164 cum
1627 3132 1736 3165 Persis
1758 3133 1793 3164 et
1823 3130 1967 3172 Assyriis
1994 3139 2085 3162 arma
2111 3114 2247 3172 parabat

1202 3192 1361 3225 adversus
1379 3202 1534 3235 magnum
1546 3202 1657 3235 regem
1673 3193 1882 3226 Artabanem.
1896 3192 2076 3225 Artabanes
2092 3200 2243 3234 quoque,

1207 3293 1303 3326 dants
1330 3296 1403 3326 sont
1422 3295 1552 3336 appeles
1572 3295 1790 3328 Gamsarians.
1817 3313 1857 3320 —
1883 3294 1933 3327 Cf.
1959 3295 2063 3327 Mo'ise
2089 3294 2131 3327 de
2149 3293 2238 3325 Kho-

1208 3342 1303 3380 rene,
1319 3343 1409 3373 Ilisc.
1427 3342 1640 3382 α’Λννησήῑε,
1659 3352 1700 3375 en
1715 3352 1810 3381 arm.,
1826 3342 1883 3374 liv.
1898 3343 1947 3381 II,
1967 3341 2020 3373 ch.
2042 3343 2078 3372 71
2097 3341 2180 3373 3274.

1249 3387 1294 3429 (2)
1316 3389 1360 3420 Le
1378 3390 1466 3422 texte
1484 3399 1559 3431 gree
1577 3391 1669 3431 porte
1687 3389 1922 3432 ἀρχιὸασιλεὺς,
1939 3388 2106 3422 ανεήίνοί.
