2294 3620
686 141 925 181 HISTOIRE
955 140 1027 180 DU
1058 135 1232 181 REGNE
1263 143 1329 181 DE
1359 144 1611 187 TIRIDATE.

115 235 138 284 5
159 240 196 279 l..
221 231 447 272 Εἷσὸαλοῧσα
467 234 525 269 οὖν
542 230 630 277 αὐτὴ
653 233 699 275 εἷς
718 247 780 278 την
804 230 953 281 σκηνὴν,
967 230 1097 268 διακω-

63 292 207 331 λύεσθαι
232 291 300 343 γὰρ
320 289 428 337 αὐτὴν
459 292 496 328 ἐκ
525 293 594 328 τῶν
617 290 882 342 ὑπηρετούντων
904 291 966 329 οὐκ
986 293 1042 337 ἦν,
1061 287 1101 327 τὸ

7 381 10 384 .
62 351 130 404 γὰρ
167 350 308 402 φίλτρον
341 351 410 388 τῶν
449 347 658 402 ἀμφοτέρων
691 351 754 387 οὐκ
789 351 967 400 ἠγνοεῖτο,
985 348 1100 399 ἔλεγεν

63 409 188 453 οὕτως·
211 410 305 447 Φίλε
324 407 534 460 Ἀρτασιρᾶ,
556 407 672 447 ἀπίτω
700 423 761 447 σου
790 411 859 447 τῶν
882 407 1065 460 βλεφάρων
1086 409 1104 446 ὅ

8 499 19 503 ¹.
63 468 186 512 ὕπνος·
207 466 302 520 ὅρμα
325 469 385 505 νῦν
416 466 502 519 πρὸς
529 466 594 514 τὴν
618 467 762 519 βουλὴν,
784 466 826 514 ἣν
858 467 973 505 πάλαι
995 460 1103 518 εἶχες·

63 527 202 581 θάρῥει,
234 526 373 579 ἀφορῶν
399 525 486 578 πρὸς
518 525 582 572 τὴν
621 525 787 576 μαντείαν
817 529 878 564 τοῦ
909 524 1103 598 βασιλέως·

20 640 22 643 v
65 590 122 624 νῦν
159 584 278 638 καιρὸς
319 583 538 631 πανοπλίας,
575 600 636 622 νυν
678 586 807 636 βουλῆς
835 585 941 638 γρεία
970 585 1105 635 ἀνδρῶν

11 684 14 689 ,
63 644 293 699 σοφωτάτων,
309 659 368 681 νυν
385 646 545 693 ἀθροῖσαι
564 646 696 691 *tt-1300<
717 644 802 696 πρὸς
823 642 1061 696 παράταξιν
1042 645 1105 681 οεῒ.

63 703 110 744 Ὁ
132 702 200 756 γαρ
223 701 447 755 βασιλευς,
428 703 556 755 ορόμον
578 702 734 755 ἀστέρων
757 707 793 741 θε
779 703 994 753 εασάμενος,
1017 702 1104 774 ἔφη·

63 765 139 804 Νυν
155 764 274 806 δοῦλος
295 761 539 814 ἀντιπράττων
560 762 594 799 δε
582 765 711 810 εσπότη
732 769 814 801 νικᾶ
834 764 868 801 ἐν
889 778 939 815 τῳ
959 762 1107 813 παρόντι

66 824 192 874 καιρῷ,
251 820 360 860 Ἀλλὰ
385 821 501 872 δεῦρο,
519 836 561 858 συ
584 820 646 871 μὲν
666 822 807 874 χώρειε
794 821 852 859 ἐπὶ
871 821 934 868 τὴν
958 820 1104 873 βουλὴν,

65 880 145 932 ἐμοὶ
171 880 207 919 δὲ
235 878 349 924 δεξιὰν
382 878 532 926 ἐπιδους,
566 879 659 932 ὅρκυ
694 880 888 932 βεὸαίωσον
920 879 983 927 τὴν
1018 878 1107 930 ἐμὴν

63 938 224 992 γνώμην,
244 955 290 982 υς
317 941 380 985 τῆς
412 938 591 991 βασιλείας
614 940 797 990 Περσῶν’
782 939 875 984 εντὸς
904 938 1104 991 γινόμενος,

64 998 127 1050 ἐμὲ
147 1001 209 1045 τῆς
229 1000 293 1044 σ’ῆς
311 997 428 1045 κοίτης
444 997 508 1042 ἔξω
529 999 568 1036 οὐ
589 1002 772 1051 καθιστᾶς,
793 999 956 1037 κοινωνόν
980 1013 1023 1047 με
1045 1000 1107 1044 τ’ἧς

65 1059 172 1106 αὐτης
187 1055 298 1102 δεξιᾶς
314 1055 741 1108 (1.ἀξίας)ἀποδεικνύων.
758 1059 874 1096 Τουτο
888 1072 954 1108 γαρ
975 1055 1028 1095 ἀεί
1047 1071 1107 1105 μοι

65 1117 180 1169 ἔλεγες
195 1115 495 1168 ἐπαγγελλόμενος
507 1145 517 1166 ,
529 1116 634 1162 ἡνίκα
651 1117 713 1161 τ’ἦς
730 1116 838 1162 αὐτῆς
853 1117 1014 1167 βουλῆς’
995 1131 1108 1186 απηρ·

64 1192 145 1229 χου.
158 1178 284 1216 Ταῦτα
304 1173 367 1226 μὲν
383 1173 636 1227 Ἀρταδούκτα.
649 1173 695 1214 ‘O
711 1173 746 1212 δὲ
761 1173 987 1226 Ἀρτασιρᾶς,
1003 1174 1107 1226 χάριν

67 1235 239 1286 μεγίστην
258 1233 500 1284 ὁμολογήσας,
519 1249 580 1272 και
601 1233 779 1286 ἁίιάμενος
798 1249 860 1271 του
886 1233 1029 1283 γυναίου
1048 1236 1109 1279 τῆς

65 1309 181 1347 χειρος
213 1292 303 1343 μετὰ
338 1292 468 1336 οἰκείας
504 1293 560 1330 δε
546 1298 615 1336 ιᾶς
649 1291 837 1330 ἀνατείνων
866 1293 914 1336 εἷς
943 1291 1104 1344 οὐρανὸν,

65 1353 202 1404 ἔλεγεν·
214 1351 365 1396 Ούτως“
352 1354 461 1404 ορῶτο
478 1350 553 1389 θεία
568 1350 724 1401 δύναμις,
740 1350 836 1397 ἥλιος
852 1367 912 1389 και
932 1355 1016 1402 πῦρ,
1039 1350 1107 1402 ἀηρ

64 1428 104 1451 τε
117 1412 178 1451 καὶ
191 1414 236 1463 γῆ
248 1441 258 1460 ,
272 1413 319 1454 ὡς
331 1426 483 1462 τημερον
503 1410 752 1462 βουλευόμενος
768 1409 856 1458 μετὰ
870 1412 939 1447 τῶν
955 1411 1107 1462 ἀρίστων

67 1474 228 1524 Περσῶν,
244 1470 304 1510 καὶ
321 1470 554 1523 ἀφιστάμενος
568 1485 629 1508 του
649 1469 822 1521 βασιλέως
832 1500 842 1514 ,
860 1469 988 1507 αὐτίκα
1011 1485 1050 1507 σε
1073 1471 1107 1508 ἐν

29 1578 31 1581 Ι
66 1533 117 1584 τῶ
138 1532 214 1583 ἐμῷ
233 1528 318 1584 οἴκῳ
336 1528 516 1574 δεσπόζειν
533 1530 675 1567 πάντων
695 1528 972 1581 παρασκευάσω.

116 1592 139 1641 §
163 1590 199 1629 5.
220 1569 346 1629 Ταυτα
369 1587 550 1627 ἀκούσασα
571 1587 808 1639 ’Χρταδούκτα
830 1586 968 1637 ἔλεγεν·
986 1588 1108 1626 Βαδιῶ

64 1648 185 1689 λοιπον
201 1648 286 1702 πρὸς
314 1647 377 1693 τὴν
399 1645 532 1694 σκηνὴν
561 1652 622 1686 τοῦ
644 1647 833 1699 βασιλέως·
860 1645 931 1699 χρὴ
953 1646 1022 1699 γὰρ
1042 1646 1108 1693 την

65 1707 287 1760 τήμεροντὴν
300 1709 369 1746 τῶν
384 1705 666 1758 προλαὸουσῶν“
652 1708 789 1758 ημερῶν
807 1705 986 1744 διακονίαν
998 1720 1108 1759 προσ-

68 1768 181 1819 οἴγειν.
214 1768 260 1806 Εἷ
280 1765 347 1817 γὰρ
376 1765 435 1804 καὶ
463 1765 574 1817 τύχην
605 1765 789 1817 ἐλευθέραν
818 1763 1022 1814 κεκτημεθα
1046 1780 1107 1803 τε-

65 1826 245 1880 χθέντων
230 1841 269 1864 εκ
280 1825 516 1897 μεγιστάνων,
529 1822 620 1862 ἀλλὰ
632 1823 805 1862 δουλεύειν
819 1840 896 1866 ταις
909 1826 1108 1874 βασιλικαῖς

66 1885 202 1938 χρείαις
220 1884 306 1937 χρή.
316 1886 442 1923 Ταῦτα
462 1886 607 1921 εἰπουσα
619 1882 828 1934 ,ἐπορεύετο
842 1883 888 1926 εἷς
901 1882 962 1931 την
976 1882 1106 1929 σκηνὴν

64 1967 123 1988 του
143 1947 313 2001 βασιλέως
326 1975 336 1993 ,
354 1962 414 1984 και
430 1945 542 1997 λάθρα
561 1945 607 1986 εἷς
623 1943 685 1990 τὴν
700 1942 830 1981 οἰκείαν
847 1941 966 1989 κοίτην
984 1942 1106 1979 ὑπεισ-

66 2013 212 2047 ελθοῧσα
228 2005 440 2048 ἀνεκλίνετο.
458 2003 501 2042 ‘O
518 2003 552 2041 δὲ
569 2003 804 2055 Ἀρτασαρᾶς,
819 2000 988 2045 ἀναστὰς,
1006 1999 1111 2044 συνή-

66 2075 172 2112 γαγεν
187 2075 264 2103 τους
279 2058 508 2111 μεγιστάνους
520 2061 558 2101 (l.
573 2064 799 2110 μεγιστᾶνας)
809 2061 876 2097 τῶν
891 2060 1036 2111 Περσῶν
1049 2059 1108 2097 καὶ

65 2119 267 2171 Ἀσσυρίων,
288 2119 362 2170 μεθ’
382 2123 429 2158 ὧν
449 2119 508 2157 καὶ
529 2121 563 2158 ἐν
585 2118 708 2162 ἄλλαις
727 2118 876 2170 ἡμέραις
893 2118 1106 2165 ἐδουλεύετο,

11 2227 14 2230 y
65 2179 125 2217 και
145 2179 228 2223 στὰς
252 2180 287 2217 ἐν
313 2178 410 2231 μέσῳ
436 2178 514 2229 )ε’γε
521 2193 543 2215 ι·
557 2174 698 2229 Ἄνδρες
719 2177 854 2230 ἄριστοι
879 2179 1026 2228 Περσῶν
1045 2178 1107 2216 καὶ

65 2237 266 2291 Ἀσσυρίων,
279 2237 342 2284 τὴν
355 2239 423 2275 τῶν
442 2239 594 2288 Πάρθων
610 2237 768 2281 ἀλαζονε
759 2252 812 2274 ιαν
826 2238 865 2274 ἐκ
878 2238 1017 2275 πολλῶν
1037 2239 1106 2274 τῶν

64 2296 198 2349 χρόνων
212 2297 333 2348 ἴσμεν,
347 2296 539 2348 ἀλλοτρίων
559 2295 683 2340 πόνους
699 2296 927 2368 ἁρπάζοντας.
943 2294 1106 2346 Ἐγκαυ-

63 2358 199 2408 χῶνται
214 2355 250 2395 δὲ
275 2357 489 2402 ἀδικοῦντες,
504 2355 617 2405 μάτην
635 2354 838 2408 φονεύοντες
858 2356 896 2393 οὒ
917 2354 1104 2403 παύονται,

63 2417 212 2468 Περσῶν
221 2415 347 2469 ἄνδρας
359 2430 419 2453 και
431 2414 630 2466 Ἀσσυρίους
648 2414 940 2474 βδελύττονταιοῖ
952 2414 1103 2465 Πάρθοι,

63 2475 102 2512 ἐκ
118 2474 303 2527 βαρὸάρων
317 2490 380 2525 γης
396 2476 514 2512 υπεισε
503 2474 656 2517 -λθόντες
670 2474 718 2514 εἷς
730 2476 838 2523 ἡμᾶς·
850 2472 884 2509 τί
900 2475 958 2510 οὖν
974 2473 1030 2524 ἐρε
1017 2477 1103 2520 ῖτε;

51 2534 109 2572 'E'
100 2549 110 2571 ι
130 2534 266 2586 ψευδεῖς
286 2536 319 2572 οἱ
340 2532 417 2583 ἐμοι
435 2532 545 2585 λόγοι,
569 2531 703 2581 μενέτω
723 2534 830 2584 βασιλ
833 2530 920 2569 εύων
936 2546 996 2568 και
1028 2532 1105 2568 ἀδι-

65 2594 149 2631 κῶν·
171 2592 253 2631 εἰδὲ
280 2609 342 2638 της
364 2592 529 2638 ἀληθείας
552 2590 617 2636 ἔξω
643 2593 705 2629 οὐκ
725 2590 871 2640 εἴρηκα,
879 2589 1104 2651 ὁρμήσωμεν

67 2667 154 2703 προς
170 2651 386 2704 παράταξιν·
407 2657 562 2703 κρεῖττον
589 2649 657 2702 γὰρ
677 2653 791 2687 θανεῖν
821 2648 844 2695 ἢ
868 2652 956 2687 εἶναι
988 2649 1104 2686 δοῦλοι

68 2709 237 2749 δεσπότου
259 2711 470 2755 ἀδικοῦντος.
489 2710 614 2748 Ταῦτα
634 2724 698 2758 μεν
718 2707 938 2759 Ἀρτασιρᾶς.

119 2771 141 2819 §
155 2771 247 2810 6.οἱ
262 2768 297 2807 δὲ
307 2771 376 2807 τῶν
389 2767 569 2820 Περσων
547 2782 683 2819 αριστοι
695 2766 854 2810 ἐδέξαντο
864 2766 908 2803 τὰ
922 2765 1101 2817 εἰρημένα·

64 2827 215 2881 ηὔχοντο
242 2827 311 2880 γὰρ
338 2826 626 2866 ἀπαλλάττεσθαι
646 2827 709 2876 μὲν
730 2827 799 2863 τῶν
820 2823 1020 2876 Πάρθων,’
1005 2841 1045 2863 εκ
1064 2823 1102 2863 δὲ

63 2891 123 2925 τοῦ
138 2886 291 2926 οἰκείου·
280 2886 398 2938 γένους
410 2879 497 2925 εἰναι
512 2884 661 2937 βασιλέα
674 2887 743 2923 τῶν
755 2884 919 2935 Περσῶν.
933 2882 1004 2922 Καὶ
1018 2898 1105 2935 προς

63 2945 270 2997 Ἀρτασιρᾶν
294 2947 427 2997 ἐροῦσιν
456 2946 494 2996 (l.
516 2938 647 2995 εἰπον)·
668 2943 751 2982 Σὲ
733 2942 890 2995 αρχηγὸν
910 2941 970 2980 καὶ
988 2941 1102 2993 λόγων

62 3005 123 3043 καὶ
143 3002 340 3057 πράξεων”
321 3019 468 3055 εχομεν,
493 3003 554 3040 πεῖ
558 3017 621 3054 ραν
636 3018 700 3049 της
719 3004 783 3048 σῆς
804 3003 937 3052 ἀγαθης
960 2999 1103 3051 γνώμης

60 3062 287 3111 λαὸόντες,’
272 3060 430 3137 ενάρετόν
451 3077 490 3100 τε
505 3061 686 3100 πολιτείαν
713 3064 801 3098 εἶναι
819 3061 853 3098 ἔν
874 3075 928 3097 σοι
947 3059 1098 3097 ἐπιστά-

64 3137 182 3172 μενοι·
214 3121 233 3160 ὃ
261 3114 319 3159 ουν
350 3121 456 3172 βούλῃ
473 3149 484 3167 ,
505 3119 670 3172 πράττων
698 3118 908 3170 ἡγεμόνευε·
930 3121 1034 3168 ἡμεῖς
1065 3117 1102 3156 δὲ

66 3181 222 3232 ἑπόμεθα
250 3186 321 3224 τοῖς
340 3180 412 3223 σοῖς
421 3179 565 3253 λόγοις,
589 3178 777 3240 πράξοντες
798 3177 864 3216 ὅσα
885 3179 934 3221 εἷς
954 3176 1103 3215 λυσιτέ-

63 3241 162 3279 λειαν
185 3239 395 3293 ἀμφοτέροις
416 3238 525 3279 ἐστίν.
545 3237 708 3291 (Ημέρας
737 3241 796 3275 οὖν
816 3236 1025 3287 γενομένης,
1044 3235 1104 3274 καὶ

107 3357 154 3399 (1)
172 3357 392 3390 ΑνίαίοιιΗιά
416 3359 467 3389 est
489 3366 532 3389 un
565 3366 640 3388 nom
668 3355 820 3396 composti
851 3355 906 3395 qui
930 3356 1011 3387 veut
1035 3354 1104 3386 dire

64 3401 138 3444 fille
150 3404 346 3437 d’Ardsclee'r
357 3413 400 3436 ou
412 3404 624 3437 d'Ardaban.
639 3403 725 3435 C'est
741 3404 771 3434 la
785 3402 891 3435 meme
907 3402 1024 3434 semme
1038 3410 1102 3433 oue

2142 160 2156 197 1
2173 161 2207 198 ll

1218 230 1237 272 ς
1257 233 1288 263 4.
1307 232 1353 263 Ea
1369 231 1469 274 igitur
1488 233 1520 264 in
1541 234 1788 268 tabernaculum
1821 238 1964 279 ingressa
1991 242 2106 284 (neque
2129 245 2215 278 enim

1176 299 1195 322 a
1213 289 1375 323 ministris
1393 291 1560 332 prohiberi
1581 294 1710 334 poterat
1726 306 1733 325 z
1752 303 1828 327 nam
1852 297 2021 331 amborum
2043 310 2134 334 amor
2151 313 2213 336 non

1176 354 1247 386 crat
1266 353 1479 395 incognitus),
1502 354 1550 387 sic
1567 355 1677 387 locuta
1695 357 1745 388 est
1773 368 1780 388 ε
1799 358 1882 390 Care
1904 361 2064 401 Artasira,
2083 363 2178 396 abeat
2197 375 2215 396 a

1176 416 1343 458 palpebris
1367 415 1436 449 tuis
1464 425 1600 450 somnus
1631 431 1640 449 ι
1671 418 1777 460 arripe
1797 429 1884 452 nunc
1912 422 2103 464 consilium,
2130 427 2216 466 quod

1177 478 1255 511 olIm
1271 477 1416 512 habuisti
1433 493 1440 512 ι
1457 479 1585 512 confide
1596 504 1605 520 ,
1620 480 1798 522 respiciens
1820 481 1862 514 ad
1876 481 2107 517 divinationem
2121 487 2215 528 regis.

1178 543 1271 574 Nunc
1288 543 1420 584 tempus
1438 543 1490 575 est
1505 542 1645 584 integrae
1662 545 1852 585 armaturoe,
1870 554 1958 577 nunc
1972 554 2055 587 opus
2071 549 2219 582 consulti

1178 604 1495 646 sapientissimorum
1518 605 1665 638 virorum
1677 630 1685 646 ‚
1704 615 1792 639 nunc
1820 607 2045 650 congreganda
2065 608 2098 641 in
2115 610 2218 643 aciem

1178 667 1370 700 multitudo.
1429 669 1558 711 Quippe
1581 677 1656 708 rex,
1689 669 1896 702 considerato
1917 672 2081 704 astrorum
2099 681 2198 705 cursu
2211 699 2220 712 ,

1179 730 1262 763 dixit
1290 745 1298 763 ι
1319 732 1413 763 Nunc
1438 740 1574 771 servus,
1595 731 1729 764 domino
1758 740 1819 764 suo
1847 741 2049 774 repugnans,
2069 735 2221 776 praesenti

1178 794 1280 827 τίηοίῐ
1290 796 1449 837 tempore.
1495 797 1572 837 Age,
1583 797 1620 828 tu
1633 795 1768 837 quidem
1780 795 1823 829 ad
1834 796 2005 829 consilium
2018 797 2102 831 vade
2118 809 2126 830 ι
2142 797 2221 831 mihi

1178 867 1258 890 xero
1273 857 1443 890 dexteram
1463 857 1651 900 porrigens,
1674 859 1872 891 sententiam
1888 868 1996 892 meam
2012 859 2223 900 jurejurando

1179 921 1347 961 confirma,
1357 921 1458 962 quod,
1472 921 1529 953 ubi
1542 923 1740 955 consecutus
1758 922 1861 955 fueris
1879 931 2014 964 regnum
2035 925 2220 960 Persarum.

1179 993 1240 1016 nec
1255 993 1274 1016 a
1293 985 1389 1016 thoro
1406 986 1465 1016 tuo
1481 993 1545 1016 non
1569 984 1615 1017 sis
1631 987 1843 1026 separaturus
1855 1010 1864 1025 ,
1878 984 1976 1027 hujus
1994 985 2143 1027 ejusdcm
2168 985 2219 1018 di-

1179 1046 1314 1088 gnitatis
1331 1047 1525 1089 participem
1544 1056 1596 1080 me
1616 1047 1758 1080 reddens
1779 1062 1787 1080 :
1804 1047 1867 1081 hoc
1886 1048 1972 1081 enim
1995 1057 2124 1090 semper
2141 1049 2222 1081 mihi

1180 1109 1314 1149 dixisti,
1341 1119 1418 1142 cum
1449 1110 1640 1151 promissis,
1668 1110 1800 1151 quando
1827 1111 1891 1143 hoc
1918 1111 2027 1153 ipsum
2052 1111 2224 1144 consilium

1180 1173 1310 1214 aggredi
1337 1173 1478 1214 coepisti.
1524 1175 1603 1206 Haec
1618 1173 1752 1215 quidem
1768 1174 1948 1206 Artaducta
1976 1175 2033 1215 (1).
2063 1175 2228 1207 Artasiras

1180 1245 1258 1268 vero
1278 1236 1397 1277 gratias
1415 1236 1482 1278 egit
1496 1236 1674 1277 maximas,
1695 1236 1999 1278 apprehensamque
2023 1236 2225 1269 muliercula}

1181 1308 1316 1331 manum
1341 1308 1416 1331 cum
1439 1298 1578 1331 dextera
1605 1308 1665 1332 sua
1690 1299 1720 1331 in
1744 1299 1863 1332 coelum
1884 1298 2085 1339 extendens,
2105 1298 2189 1332 dixit
2215 1312 2222 1330 :

1181 1361 1233 1393 Sic
1256 1360 1367 1394 videat
1389 1361 1498 1393 divina
1513 1362 1659 1403 potestas
1670 1387 1678 1401 ,
1694 1362 1741 1394 sol
1763 1363 1797 1394 et
1814 1361 1897 1403 ignis
1909 1387 1917 1402 ,
1929 1370 2050 1402 aerque
2067 1363 2102 1394 et
2116 1362 2222 1399 terra,

1181 1426 1230 1463 ut,
1245 1424 1342 1456 hodie
1359 1424 1494 1456 consilio
1514 1434 1590 1456 cum
1610 1424 1804 1466 primatibus
1821 1426 1998 1457 Persarum
2016 1424 2148 1463 habito,
2163 1423 2222 1456 de-

1182 1486 1361 1528 ficiensque
1382 1496 1401 1519 a
1419 1496 1512 1529 rege,
1530 1487 1702 1520 ccnsestim
1721 1488 1755 1520 te
1772 1487 1804 1519 in
1822 1486 1921 1520 domo
1939 1496 2014 1520 mea
2036 1487 2152 1519 faciam
2169 1486 2224 1519 do-

1182 1547 1315 1580 minam.

1224 1607 1242 1648 §
1263 1612 1292 1640 5.
1319 1607 1378 1639 His
1406 1607 1548 1647 auditis,
1580 1608 1761 1640 Artaducta
1786 1607 1870 1641 dixit

1182 1675 1432 1707 tabernaculum
1457 1672 1553 1717 regis.
1575 1677 1657 1707 Nam
1686 1677 1817 1717 oportet
1832 1684 1885 1708 me
1907 1674 2005 1707 hodie
2033 1674 2222 1716 praeceden-

1905 1621 1912 1640 :
1944 1609 2018 1640 Jam
2043 1607 2160 1640 vadam
2184 1607 2227 1639 ad

1182 1743 1265 1776 tium
1279 1742 1407 1775 dierum
1426 1742 1647 1776 ministerium
1669 1752 1776 1784 agere.
1791 1742 1928 1775 Etiamsi
1952 1742 2039 1774 enim
2062 1741 2223 1775 conditio·

1182 1819 1256 1843 nem
1274 1810 1413 1842 liberam
1428 1812 1582 1842 natorum
1599 1817 1637 1842 ex
1665 1809 1863 1851 primatibus
1882 1809 2075 1848 habeamus,
2095 1811 2226 1850 oportet

1181 1879 1293 1911 tamen
1307 1878 1493 1910 ministrare
1512 1877 1770 1910 necessitatibus
1783 1876 1890 1918 regiis.
1910 1876 1970 1908 His
1982 1876 2078 1909 dictis
2088 1902 2096 1916 ,
2113 1876 2226 1909 abibat

1182 1947 1215 1977 in
1238 1945 1489 1977 tabernaculum
1525 1944 1632 1986 regis,
1659 1944 1865 1985 latenterque
1899 1943 2023 1975 lectum
2041 1952 2139 1975 suum
2172 1943 2222 1975 in-

1183 2023 1293 2055 gressa
1306 2039 1314 2053 ,
1327 2013 1558 2047 decumbebat.
1577 2015 1719 2055 Surgens
1728 2021 1807 2045 vero
1818 2012 1980 2045 Artasiras
1992 2037 2000 2051 ,
2016 2010 2225 2054 congregavit

1181 2078 1339 2119 primates
1367 2079 1541 2110 Persarum
1562 2078 1596 2109 et
1612 2076 1820 2117 Assyriorum
1833 2100 1841 2115 ,
1868 2076 2069 2117 quibuscum
2095 2078 2129 2108 et
2151 2075 2227 2108 aliis

1182 2141 1299 2173 diebus
1317 2140 1573 2180 consultaverat,
1598 2141 1631 2172 et
1653 2141 1744 2171 stans
1764 2139 1798 2171 in
1819 2138 1929 2171 medio
1951 2138 2057 2171 dicit:
2080 2138 2146 2170 Viri
2162 2147 2221 2180 op-

1182 2206 1254 2238 timi
1266 2207 1440 2237 Persarum
1453 2205 1488 2237 et
1500 2203 1721 2246 Assyriorum,
1738 2203 1860 2235 fastum
1877 2202 2073 2235 Parthorum
2087 2210 2106 2234 a
2116 2201 2226 2233 multo

1181 2273 1329 2312 tempore
1353 2268 1527 2307 novimus,
1551 2267 1741 2308 alienosque
1766 2267 1807 2298 ab
1825 2266 1874 2298 cis
1889 2265 1959 2307 rapi
1978 2265 2118 2299 labores.
2146 2264 2223 2296 Glo-

1183 2333 1320 2373 riantur,
1341 2331 1422 2363 dum
1444 2329 1582 2372 injurias
1605 2329 1768 2367 inserunt,
1784 2328 1935 2360 occidere
1958 2328 2027 2360 sine
2039 2336 2140 2360 causa
2157 2336 2223 2360 non

1181 2398 1355 2436 desinunt,
1379 2396 1469 2428 viros
1491 2396 1668 2427 Persarum
1697 2396 1731 2426 et
1756 2392 1967 2433 Assyriorum
1991 2390 2222 2423 abominantur

1181 2462 1309 2501 Parthi,
1328 2462 1471 2493 exterra
1488 2458 1705 2490 harbarorum
1732 2456 1766 2488 in
1788 2457 1933 2488 nostram
1963 2454 2111 2496 ingressi.
2135 2454 2223 2493 Quid

1185 2536 1264 2569 ergo
1295 2525 1429 2557 dicitis?
1458 2523 1491 2555 Si
1507 2522 1608 2555 verba
1625 2530 1700 2553 mea
1720 2521 1796 2552 sunt
1818 2520 1911 2559 salsa,
1928 2520 2060 2551 maneat
2084 2517 2172 2550 idem
2188 2520 2224 2550 et

1180 2598 1318 2632 ›egnans
1331 2591 1364 2621 et
1377 2587 1493 2629 injuria
1511 2586 1669 2618 asticiens.
1688 2584 1722 2616 Si
1732 2592 1809 2616 vero
1829 2592 1894 2615 non
1910 2582 1973 2614 nisi
1988 2591 2066 2614 vera
2079 2581 2163 2622 dixi,
2179 2581 2223 2614 ad

1179 2665 1272 2688 arma
1302 2661 1546 2686 concurramus.
1575 2652 1657 2683 Nam
1681 2650 1818 2691 praestat
1843 2647 1947 2687 mori,
1968 2656 2069 2688 quam
2094 2646 2224 2679 servire

1179 2718 1247 2761 regi
1265 2717 1400 2759 injurias
1417 2713 1579 2747 inserenti.
1599 2714 1678 2745 Haec
1694 2710 1867 2744 Artasiras.

1221 2779 1239 2820 ξ
1263 2782 1293 2809 6.
1318 2776 1501 2818 optimates
1516 2774 1628 2806 autem
1651 2774 1825 2804 Persarum
1844 2770 1932 2803 dicta
1945 2778 2021 2802 cum
2038 2769 2150 2801 favore
2168 2777 2225 2801 ex·

1179 2842 1336 2884 ceperunt
1357 2852 1364 2871 2
1381 2838 1556 2881 cupiebant
1573 2836 1661 2870 enim
1677 2835 1874 2868 Parthorum
1892 2833 2023 2866 libcrari
2047 2832 2194 2865 dominio
2205 2858 2214 2870 ,

1178 2912 1211 2942 et
1225 2918 1336 2950 regem
1351 2907 1475 2940 habere
1490 2909 1660 2938 Persarum
1678 2913 1720 2937 ex
1735 2911 1796 2936 suo
1817 2910 1945 2944 genere.
1962 2901 2079 2942 Itaque
2093 2899 2136 2932 ad
2153 2901 2222 2932 Ar-

1177 2976 1311 3009 tasiram
1336 2975 1450 3007 dicunt
1464 2987 1472 3005 z
1486 2975 1533 3006 Te
1547 2973 1711 3005 dictorum
1727 2971 1957 3011 factorumque
1975 2968 2095 3001 ducem
2112 2967 2215 3001 habe-

1178 3052 1267 3084 mus,
1283 3042 1490 3085 prudentiam
1499 3041 1624 3073 consilii
1637 3039 1687 3072 tui
1703 3038 1906 3081 experientia
1921 3036 2042 3076 edocti,
2059 3035 2221 3069 scientes-

1179 3121 1244 3153 que
1261 3110 1529 3154 gubernationem
1551 3111 1644 3142 tuam
1669 3117 1710 3140 ex
1730 3115 1844 3139 norma
1868 3105 2002 3138 virtutis
2029 3103 2218 3146 procedere.

1179 3178 1296 3217 Itaque
1313 3174 1401 3216 quod
1413 3174 1463 3206 vis
1474 3199 1482 3213 ,
1503 3174 1571 3212 sac,
1586 3174 1620 3205 et
1631 3172 1752 3204 ducem
1768 3172 1802 3204 te
1818 3169 1928 3212 praebe
1947 3181 1955 3201 :
1973 3177 2034 3201 nos
2051 3167 2221 3209 sequimur

1180 3239 1269 3271 dicta
1292 3239 1368 3277 tua,
1392 3236 1512 3269 facturi
1534 3244 1609 3277 quae
1634 3234 1677 3267 ad
1699 3233 1875 3266 utilitatem
1899 3232 2114 3271 utrorumque
2140 3237 2220 3261 con-

1143 3342 1149 3346 *
1181 3353 1228 3385 les
1252 3351 1428 3383 historiens
1455 3357 1592 3391 persans
1620 3348 1789 3380 nominent
1813 3346 1963 3386 Gulnar,
1985 3352 2112 3377 comme
2137 3350 2220 3375 nous

1179 3399 1301 3432 l'avons
1317 3398 1367 3430 dit
1379 3397 1661 3443 precedemment,
1680 3404 1713 3437 p.
1732 3398 1800 3435 110,
1816 3395 1891 3426 note
1911 3397 1941 3425 2.
