2294 3620
133 201 207 239 134

185 286 223 338 [S
253 284 336 335 56.]
350 284 519 321 Pendant
536 284 591 319 les
604 283 718 318 treize
743 282 879 318 annees
895 292 969 328 que
978 279 1158 327 Gre'goire

131 345 302 393 sejourna
325 344 416 380 dans
433 344 470 378 la
494 349 653 379 caverne
679 339 870 390 pro-fonde
899 339 952 374 du
977 338 1157 384 chateau,

131 417 205 440 une
222 415 338 440 veuve
351 403 420 451 qui
436 402 523 438 etait
540 401 632 437 dans
651 412 693 436 ce
706 399 884 446 chateau,
906 404 1017 445 ayant
1031 395 1156 443 appris

132 476 180 500 en
197 474 314 510 songe
333 474 371 498 sa
391 460 586 509 captivite,
615 459 806 508 preparait
825 457 970 504 chaque
991 455 1082 502 jour
1104 466 1155 488 un

132 523 228 571 petit
253 522 345 570 pain
361 527 397 556 et
419 520 454 555 le
471 519 608 567 lancait
633 518 725 553 dans
743 517 777 552 la
807 526 980 552 caverne.
1012 515 1084 548 Par
1105 524 1157 548 un

133 580 221 616 effet
239 580 334 616 dela
353 579 478 615 divine
500 576 758 618 Providence,
772 575 797 609 il
813 573 890 609 s'en
907 572 1059 608 nouirit
1082 571 1154 607 du-

132 646 218 675 rant
232 645 354 674 toutes
367 637 420 673 les
431 637 565 672 annees
581 634 671 683 qu'il
685 646 709 681 y
725 633 781 668 fut
799 632 977 668 enferme.
994 632 1065 666 Par
1080 641 1154 664 une

133 696 333 733 savem-du
347 694 540 744 Seigneur‚
557 694 583 729 il
600 693 778 729 demeum
795 692 923 726 vivant
943 690 1034 725 dans
1054 694 1152 724 cette

133 767 309 799 caverne,
336 754 386 790 οὺ
416 761 502 790 tous
541 764 634 788 ceux
665 750 781 798 qu'on
803 762 826 797 y
856 748 963 795 jetait
1000 759 1155 782 mouru-

131 821 216 850 rent
239 826 311 863 par
333 814 427 849 suite
454 812 500 847 de
529 810 677 846 l'odeur
701 808 814 844 fetide
845 807 892 842 de
916 808 950 842 la
968 806 1076 854 sange
1108 805 1156 840 de

132 885 174 908 ce
192 872 386 916 bourbier‚
407 871 454 907 de
473 871 510 905 la
535 868 702 917 quantite
729 867 776 902 de
803 866 954 913 reptiles
987 871 1024 900 et
1044 863 1091 914 de
1120 864 1155 899 la

129 930 368 979 profondeur
383 929 430 965 de
452 929 487 964 la
503 939 671 963 cavei-ne.
689 927 744 961 En
771 923 879 969 esset,
899 935 941 959 ce
963 923 1049 958 lieur
1064 923 1154 958 etait

129 988 471 1037 particulierement
487 986 627 1022 destine.
640 985 659 1020 a
680 996 773 1020 ceux
787 981 854 1030 qui
879 980 1046 1018 s’etaient
1061 993 1152 1017 ren-

131 1048 201 1083 ‹lus
215 1047 416 1095 coupables
433 1043 676 1080 d'homicides
696 1055 742 1078 en
755 1044 808 1078 Ax
809 1042 945 1078 menie.

1028 188 1275 230 AGATHAN
1278 188 1358 228 GE.

1705 279 1795 315 XII.

1286 385 1323 436 [5
1345 384 1408 431 57.
1410 382 1426 437 ]
1446 386 1480 421 Α
1500 392 1597 422 cette
1613 387 1784 434 epoque‚
1800 386 1836 423 le
1850 388 1912 425 toi
1932 390 2102 429 Tiridate
2114 394 2290 447 expedia

1229 459 1282 482 un
1295 445 1374 481 edit
1389 445 1483 480 dans
1497 451 1620 481 toutes
1633 446 1687 481 les
1707 447 1881 483 contrees
1897 450 2080 487 soumises
2095 464 2116 488 a
2136 465 2179 491 sa.
2199 452 2274 491 do·

1229 505 1414 541 mination
1437 504 1532 540 dont
1567 505 1667 540 voici
1696 505 1731 541 la
1752 512 1918 545 teneur.
1930 525 1932 528 .
1956 524 1972 541 «
1995 510 2185 560 Tiridate,
2207 509 2293 551 roi

1230 564 1330 600 dela
1343 563 1513 600 Grande-
1518 564 1714 608 Armenie,
1735 577 1809 601 aux
1822 567 1983 615 grands,
2006 581 2079 606 aux
2103 571 2291 620 princes,

1229 636 1302 659 aux
1323 630 1399 658 sati
1401 635 1512 671 apes
1535 635 1609 658 aux
1627 623 1769 671 prefets
1784 632 1822 661 et
1836 624 1857 661 a
1877 633 1964 664 tous
1981 640 2076 666 ceux
2093 631 2162 679 qui
2182 638 2283 680 sont

1229 694 1317 718 sous
1329 694 1391 717 ma
1400 683 1609 730 puissance,
1625 682 1720 719 dans
1734 683 1788 720 les
1799 684 1956 734 bourgs,
1971 687 2066 724 dans
2078 689 2132 728 les
2144 690 2286 742 vines,

1230 741 1322 777 dans
1334 742 1387 777 les
1405 741 1581 790 villages‚
1606 741 1700 778 dans
1718 742 1771 779 les
1784 755 2026 795 campagnes,
2045 760 2122 784 aux
2132 749 2273 788 nobles

1229 807 1266 836 et
1283 812 1332 836 au
1350 801 1514 848 peuple,
1532 813 1553 836 a
1570 808 1656 837 tous
1676 802 1776 838 salut
1795 804 2019 853 egalemenh
2041 808 2213 852 Puissent
2229 803 2279 858 ῘειιΙ

1227 860 1329 895 sante
1348 867 1385 895 et
1399 860 1435 895 la
1450 861 1664 908 prospe'rite
1679 874 1773 898 vous
1795 874 1858 899 ar1
1859 876 1942 901 iver
1963 877 2055 902 avec
2071 866 2183 904 l’aide
2203 867 2274 907 des

1228 917 1366 964 dieux;
1398 932 1474 955 une
1502 914 1723 957 abonda'n'te
1750 921 1906 959 fertilite
1934 937 2008 974 par
2038 926 2075 962 le
2099 927 2288 978 puissaut

1226 979 1434 1023 Aramazd,
1455 979 1491 1015 la
1506 981 1725 1028 protection
1741 981 1791 1018 de
1810 982 1846 1018 la
1864 983 2010 1032 grande
2026 985 2154 1023 deesse
2170 990 2288 1028 Ana-

1227 1039 1294 1075 hid
1315 1067 1325 1084 ,
1358 1046 1394 1074 et
1420 1051 1473 1074 un
1505 1039 1627 1087 grand
1651 1053 1816 1091 cour-age
1847 1054 1919 1091 par
1949 1044 1984 1080 le
2009 1045 2168 1083 vaillant
2194 1049 2287 1091 Va-

128 1151 186 1193 par
198 1152 299 1183 Moise
311 1149 351 1182 de
360 1147 594 1190 Khoreneffliv.
610 1149 660 1187 11,
675 1147 727 1178 ch.
741 1149 790 1185 7,5
807 1148 863 1183 79
879 1150 930 1186 82,
949 1145 1148 1187 80)d'‹1p1‹.s
1159 1145 1342 1185 1'1hsto1re
1359 1146 1568 1187 aujourd'hui
1587 1146 1731 1188 perduc,
1751 1147 1794 1181 de
1807 1148 1993 1191 Firmilien,
2009 1152 2134 1194 eveque
2149 1153 2191 1187 de
2209 1153 2281 1188 Ce-

128 1203 235 1239 sar6e,
247 1199 501 1242 quel'annaliste
515 1198 676 1231 armenien
701 1207 720 1230 a
743 1198 892 1230 iesumec
908 1197 990 1229 (lans
1007 1206 1066 1229 son
1085 1197 1181 1230 Hvie.

126 1301 228 1349 στὴς,
254 1300 368 1353 ἄκρως
402 1300 532 1353 ὓψηλὸς
561 1298 622 1338 καὶ
651 1298 783 1342 πλατυς
802 1302 846 1352 τῇ
866 1298 1000 1351 ἡλικίᾳ.
1019 1298 1150 1342 “Οστις

123 1360 237 1397 πάντα
256 1358 314 1397 τὸν
333 1357 456 1411 χρόνον
475 1359 579 1396 αὐτοῦ
594 1359 772 1409 πολεμῶν,
791 1358 967 1409 ἐλάμὸανε
988 1357 1032 1396 τὰ
1050 1374 1150 1405 νικη-

121 1418 225 1471 τήρια
247 1421 281 1457 ἐν
299 1424 370 1462 τοῖς
390 1417 617 1469 μονομάχοις.
644 1416 876 1467 Κτησάμενος
901 1417 936 1455 δὲ
962 1417 1021 1455 καὶ
1041 1416 1150 1468 ὄνομα

122 1476 371 1529 καυχήματος,
391 1475 536 1521 ἔστησεν
557 1475 734 1522 ἀθλήσεως
752 1475 849 1522 νίκην
872 1477 907 1513 ἓν
938 1475 1008 1528 ὅλῳ
1028 1479 1077 1528 τῷ
1098 1475 1153 1513 κό-

122 1551 214 1588 σμῳ.
270 1535 331 1574 Ἔν
362 1540 432 1578 τοῖς
457 1535 553 1578 ἰδίοις
585 1540 717 1587 καιροῖς
736 1533 904 1579 ἐπάταξεν
936 1536 970 1573 ἓν
1001 1537 1153 1585 πληγαῖς

124 1594 294 1646 μεγάλαις
320 1592 398 1637 τοὺς
430 1593 590 1645 ἐχθροὺς,
612 1593 672 1632 καὶ
693 1594 860 1640 ἐζήτησεν
882 1593 1060 1640 ἐκδίκησιν
1079 1595 1149 1632 τῶν

121 1653 298 1705 προγόνων
325 1654 447 1690 αὖτοῧ·
483 1652 608 1690 {ionem
639 1654 751 1691 σκῦλα
771 1654 885 1710 πολλὰ
912 1653 981 1692 ἀπὸ
1004 1655 1072 1691 τῶν
1090 1656 1152 1699 τῆς

122 1711 303 1762 Ἀσσυρίας
333 1713 471 1763 μερῶν,
497 1710 557 1748 καὶ
587 1711 744 1764 ἀφείλετο
775 1711 937 1765 ὑπάρξεις
969 1712 1149 1763 μεγίστας·

123 1767 282 1806 ἐνέὸαλεν
313 1770 360 1811 εἷς
388 1768 562 1820 ῥομφαίαν
592 1769 631 1806 τὸ
655 1768 858 1819 στράτευμα
889 1772 957 1807 τῶν
1001 1772 1150 1821 Περσῶν

123 1826 184 1864 καὶ
204 1826 404 1865 ἀπέσπασεν
425 1828 536 1864 σκῦλα
557 1826 685 1866 πολλά.
710 1826 873 1878 Ἐγένετο
899 1829 1021 1878 ὁδηγὸς
1048 1844 1154 1881 στρα-

123 1883 353 1936 τοπεδάρχαις
361 1883 561 1934 Ῥωμαίων,
573 1885 634 1923 καὶ
644 1886 845 1938 παρέδωκεν
855 1885 915 1930 τὰς
924 1886 1152 1940 παρεμὸολὰς

124 1944 252 1983 αὐτῶν.
275 1942 461 1987 Ἐξέὸαλεν
484 1943 648 1995 στρατιὰν
666 1943 824 1995 Οῧννων,
851 1946 912 1984 καὶ
941 1946 1151 1998 ᾐχμαλώτι-

123 2015 181 2038 σεν
199 1999 243 2039 τὰ
264 2000 351 2053 μέρη
372 2004 433 2047 τῆς
449 2001 630 2055 Περσίδος.

173 2059 196 2108 S
226 2059 286 2097 56.
316 2058 378 2098 Ἐν
396 2058 431 2097 δὲ
450 2065 518 2103 τοῖς
546 2061 864 2114 τεσσαρεσκαίδεκα
886 2061 1013 2113 ἔτεσιν,
1034 2065 1068 2102 ἐν
1099 2059 1150 2108 οἷς

121 2116 258 2169 γέγονεν
272 2120 290 2156 ὁ
307 2117 400 2170 ἅγιος
417 2118 604 2172 Γρηγόριος
619 2123 652 2159 ἐν
667 2123 716 2174 τῷ
734 2120 875 2174 κάστρῳ
890 2125 951 2169 τῆς
975 2124 1148 2174 φυλακῆς,

119 2178 153 2215 ἐν
169 2179 218 2229 τῷ
234 2176 416 2230 βαθυτάτῳ
432 2178 605 2230 χάσματι,
626 2180 710 2231 γυνὴ
730 2180 793 2230 μία
814 2180 908 2234 χήρα
921 2212 931 2230 ,
946 2183 1091 2221 οἷκοῧσα
1111 2185 1146 2221 ἐν

119 2235 238 2287 ἐκείνῳ
256 2239 306 2289 τῷ
338 2237 502 2291 κάστρῳ,
537 2242 819 2291 χρηματισθεῒσα
845 2239 914 2278 ἀπὸ
943 2241 1140 2292 ὁράματος,

118 2295 376 2344 καθεκάστην”
354 2313 456 2351 αρτον
475 2301 620 2336 ποιοῦσα
643 2298 799 2349 ἕτοιμον,
819 2299 978 2371 ἔρριπτεν
997 2299 1095 2339 κάτω
1112 2304 1149 2342 εν

117 2355 167 2407 τῷ
182 2354 362 2407 χάσματι,
392 2356 452 2395 καὶ
483 2357 590 2400 οὕτως
609 2357 770 2410 ἐτρέφετο
790 2360 859 2397 ἀπὸ
880 2376 942 2406 της
973 2375 1032 2397 του
1053 2363 1146 2401 Θεοῦ

117 2413 304 2455 κελεύσεως
322 2414 410 2452 τὰὲ
391 2431 449 2463 ετη
472 2418 603 2464 ἐκεῖνα,
627 2419 661 2455 ἐν
692 2411 778 2461 οἳς”
759 2434 873 2468 εμεινε
874 2434 891 2456 ν
913 2419 1045 2456 αὐτόθι.
1074 2422 1145 2459 Λύ-

117 2472 173 2518 τὸς
200 2473 303 2527 γὰρ’
288 2489 322 2513 εν
353 2477 402 2512 τῶ
422 2491 568 2528 κρημνω
598 2475 718 2529 ἐκείνῳ
749 2477 962 2530 ἐφυλάττετο
997 2479 1052 2517 διὰ
1083 2484 1147 2527 τῆς

117 2531 260 2583 χάριτος
280 2536 340 2571 τοῦ
364 2515 452 2572 ἰδίου
471 2533 655 2574 δεσπότου.
678 2538 723 2574 Οἱ
753 2537 821 2590 γὰρ
841 2537 942 2577 ἄλλοι
972 2537 1148 2590 ἄνθρωποι

120 2589 268 2642 ριφέντες
292 2593 361 2630 ἐκεῖ
382 2591 586 2640 ἔθνησκον“
567 2610 680 2632 ενεκεν
707 2611 768 2642 της
794 2597 828 2633 δε
815 2595 986 2643 εινότητος
1005 2596 1064 2634 καὶ
1084 2599 1146 2646 τ’ἦς

117 2649 255 2702 πικρίας
274 2651 332 2689 καὶ
350 2651 539 2699 κακότητος
566 2657 624 2691 τοῦ
645 2653 770 2702 τόπου,
788 2655 847 2693 καὶ
864 2671 924 2694 του
955 2655 1142 2708 βορὸόρου,

117 2708 175 2746 καὶ
203 2711 270 2747 τῶν
291 2709 398 2763 ὄφεων
425 2714 494 2749 τῶν
514 2712 735 2763 ἐγκειμένων,
767 2730 826 2752 και
859 2718 922 2762 τ’ἧς
953 2716 1145 2766 βαθύτητος

117 2769 234 2808 αὐτοῦ.
258 2769 324 2807 Διὰ
341 2769 409 2843 γὰρ
442 2770 520 2814 τους
550 2772 763 2824 κακούργους
782 2773 990 2826 ῳκοδὸμηθη
1017 2776 1142 2819 ἐκεῖνος

116 2827 133 2862 ὁ
151 2825 272 2873 τόπος,
293 2843 352 2865 και
370 2830 417 2872 εἷς
441 2829 583 2868 κόλασιν
604 2830 744 2870 πάντων
765 2849 833 2870 των
863 2832 1062 2871 καταδίκων
1080 2850 1142 2881 της

116 2882 302 2935 Ἀρμενίων
322 2885 464 2938 χώρας(

169 2943 191 2991 S
221 2943 283 2990 57.
316 2943 418 2982 Μετὰ
447 2945 483 2982 δὲ
507 2950 617 2985 ταῦτα
639 2948 816 2987 ἐκέλευσεν
837 2952 855 2988 ὃ
873 2950 1092 3003 Τηρηδάτιος
1124 2954 1141 2988 ὃ

120 3000 278 3049 βασιλευς
314 3001 508 3075 γράμματα
541 3010 838 3078 καταπεμφθηναι
874 3024 1041 3061 πανταχη
1078 3012 1141 3056 τῆς

118 3056 202 3100 ἷδίας
218 3058 369 3104 ἐξουσίας
387 3063 419 3098 ἐν
449 3077 560 3114 τουτῳ
576 3079 625 3115 τῳ
654 3064 1015 3119 τυπῳ·’1ηρηδάτιος
1036 3070 1141 3118 βασι-

116 3115 194 3158 ku<
203 3120 260 3162 τῆς
272 3119 423 3170 μεγάλης
437 3121 615 3196 ἶθΑρμενίας
632 3124 701 3168 τοῖς
716 3132 901 3176 μεγισ-ασι
910 3142 971 3164 και
989 3126 1134 3178 ἄρχουσι

118 3188 176 3210 και
188 3176 379 3226 σατράπαις
393 3195 452 3217 και
466 3181 508 3217 ἐπ
510 3179 716 3230 ’ἐξούσίαις,
731 3184 790 3222 καὶ
806 3187 876 3229 τοῖς
892 3186 1058 3229 λοιποιςε
1046 3202 1136 3232 υπη·

117 3229 207 3274 κόοις
228 3233 292 3271 ὑπὸ
306 3236 366 3281 τὴν
390 3237 476 3286 ἐμὴν
509 3238 683 3287 ἐξουσίαν,
721 3242 945 3292 κωμοπόλεσι
971 3243 1030 3281 καὶ
1061 3243 1134 3281 κώ-

119 3303 200 3339 μαις
217 3304 274 3327 και
296 3293 450 3342 χωρίοις,
482 3297 668 3349 ἐλευθέροις
684 3314 720 3336 τε
746 3301 832 3350 ὁμου
862 3301 922 3338 καὶ
943 3301 1134 3339 ἀπελευθέ-

118 3361 188 3398 ροις
217 3354 320 3386 πᾶσιν
350 3351 482 3401 εἰρήνη.
526 3355 678 3405 Πρόνοια
701 3357 841 3408 γένηται
879 3359 948 3398 ἀπὸ
973 3363 1035 3406 τῆς
1062 3363 1131 3398 τῶν

117 3405 202 3443 θεῶν
218 3406 386 3457 βοηθείας,
397 3424 456 3446 και
471 3412 624 3457 πλῆθος
611 3415 811 3464 ετοιμασίας
826 3417 896 3455 ἀπὸ
909 3433 968 3455 του
984 3419 1135 3470 ἀνδρειο-

1179 2396 1186 2583 ———

1224 1299 1403 1331 admodum
1423 1301 1457 1332 et
1469 1300 1557 1332 latus
1579 1302 1717 1334 statura.
1740 1302 1804 1334 Hic
1821 1302 1910 1336 omni
1925 1305 2076 1346 tempore
2099 1314 2160 1339 suo
2177 1305 2280 1342 helli-

1222 1380 1357 1412 gerans,
1383 1371 1531 1405 victoriae
1561 1373 1698 1415 praemia
1728 1375 1911 1417 reportavit
1935 1375 2022 1410 inter
2052 1377 2291 1420 gladiatorem·

1224 1442 1367 1475 Obtento
1397 1443 1498 1476 etiam
1525 1445 1656 1479 nomine
1691 1446 1834 1488 glorioso
1847 1471 1856 1487 ‚
1884 1456 1944 1489 per
1968 1449 2081 1482 totum
2107 1449 2211 1490 mund
2244 1464 2259 1479 ι

1224 1512 1412 1546 luctationis
1438 1514 1613 1547 victoriam
1632 1515 1791 1549 extendit.
1814 1518 1853 1550 In
1872 1519 2024 1560 tempore
2054 1528 2118 1552 suo
2135 1529 2181 1554 m
2196 1534 2224 1559 :⁴¹
2239 1543 2243 1550 .

1224 1579 1363 1613 inimicis
1380 1581 1492 1614 intulit
1519 1582 1647 1623 clades,
1661 1584 1695 1616 et
1711 1583 1892 1617 vindictam
1915 1587 2163 1628 progenitor-mn
2187 1570 2278 1622 511οέ

1224 1657 1297 1680 rum
1306 1649 1469 1691 expetivit
1484 1664 1492 1682 :
1506 1650 1653 1684 obtinuit
1663 1653 1767 1694 spolia
1778 1653 1884 1686 multa
1897 1663 1938 1687 ex
1950 1655 2101 1697 partibus
2113 1657 2256 1698 Assyriae
2266 1655 2276 1701 ,ᾗ

1224 1717 1257 1748 et
1266 1716 1397 1750 divitias
1412 1718 1550 1752 abstulit
1561 1720 1742 1754 maximas:
1762 1721 1943 1755 exercitum
1959 1724 2136 1757 Persarum
2148 1718 2273 1766 magn¹

1225 1786 1332 1826 strage
1359 1786 1542 1827 percussit,
1577 1788 1748 1830 multaque
1773 1789 1934 1823 abstraxit
1969 1791 2084 1833 spolia.
2116 1791 2240 1824 Ducih·
2254 1802 2276 1825 -11

1224 1857 1445 1890 Romanorum
1465 1858 1573 1891 sactus
1591 1860 1644 1892 est
1664 1859 1794 1900 ductor,
1814 1862 1849 1894 et
1868 1861 2002 1895 ordines
2018 1863 2202 1896 castrorum
2220 1862 2260 1896 e·

1223 1922 1379 1962 proebuit.
1394 1924 1496 1965 Ejecit
1514 1925 1696 1958 exercitum
1711 1927 1908 1960 Hunnorum
1920 1953 1929 1967 ,
1944 1928 2026 1961 etin
2040 1929 2199 1972 captivita
2222 1943 2225 1949 ·
2243 1944 2257 1959 ιι
2268 1959 2279 1965 ,.

1223 1990 1318 2023 duxit
1336 1992 1460 2023 tractus
1486 1992 1640 2025 Persidis.

1263 2060 1281 2101 ὃ
1301 2065 1355 2093 56.
1373 2061 1476 2093 Annis
1505 2071 1584 2094 vcro
1607 2062 1672 2095 illis
1691 2062 1962 2104 quatuordecim,
1983 2064 2105 2106 quibus
2132 2047 2271 2102 sanct¹

1223 2135 1400 2177 Gregorius
1412 2136 1566 2169 manebat
1585 2137 1618 2169 in
1637 2138 1746 2170 castro
1769 2138 1932 2179 carceris,
1951 2138 1986 2172 in
2003 2138 2233 2181 profundissiu
2249 2146 2270 2170 ι]
2292 2163 2294 2166 -

1220 2207 1332 2249 hiatu,
1354 2210 1473 2243 mulier
1498 2210 1653 2251 quaedam
1677 2209 1799 2250 vidua,
1827 2209 1980 2243 habitans
2000 2210 2035 2242 in
2054 2211 2164 2244 castro
2187 2211 2244 2245 illo

1220 2284 1378 2318 divinitus
1396 2295 1455 2327 per
1475 2285 1638 2318 visionem
1661 2286 1787 2318 monita
1799 2310 1808 2325 ‚
1835 2285 1983 2327 quotidie
2001 2295 2120 2328 panem
2141 2295 2242 2330 praep

1220 2361 1328 2391 ratum
1346 2360 1501 2392 mittebat
1519 2360 1676 2393 deorsum
1697 2359 1732 2392 in
1757 2359 1910 2400 hiatum,
1932 2360 1968 2392 et
1991 2359 2039 2392 sic
2056 2360 2223 2394 nutriebat
2291 2369 2294 2376 ¹

1219 2432 1374 2465 mandato
1388 2434 1447 2466 Dei
1464 2434 1559 2466 annis
1571 2433 1654 2474 illis,
1675 2432 1794 2474 quibus
1809 2432 1933 2465 ibidem
1949 2433 2079 2466 mansit.
2097 2434 2182 2466 Nam
2191 2433 2237 2477 ip
2253 2468 2256 2470 Α

1218 2508 1252 2540 in
1267 2508 1448 2550 praecipitio
1466 2509 1523 2541 illo
1541 2491 1796 2542 conservabatur
1809 2508 1945 2542 caritate
1960 2508 2095 2541 Domini
2113 2508 2178 2542 sui.
2194 2489 2249 2542 Al>

1218 2581 1305 2613 enim
1324 2581 1493 2622 homines,
1522 2583 1578 2624 qui
1601 2583 1682 2616 illuc
1700 2585 1794 2616 erant
1819 2583 1949 2625 injecti,
1972 2583 2200 2617 moriebantur
2226 2579 2254 2618 »J
2287 2593 2289 2596 ·

1218 2655 1401 2687 molestiam
1413 2681 1420 2695 ‚
1439 2657 1649 2689 acerbitatem
1670 2658 1703 2690 et
1715 2656 1936 2701 calamitatem
1949 2656 2014 2689 loci
2023 2681 2031 2696 ,
2048 2656 2092 2690 ob
2103 2657 2215 2690 lutum
2234 2678 2247 2685 ι-

1217 2731 1401 2771 serpentes,
1422 2731 1479 2771 qui
1498 2733 1590 2763 erant
1606 2731 1639 2763 in
1660 2731 1822 2773 profunda
1836 2729 1892 2763 illa
1913 2739 2067 2764 caverna.
2092 2731 2176 2763 Nam
2220 2735 2222 2737 ’

1214 2803 1401 2837 hominibus
1425 2805 1596 2847 flagitiosis
1622 2806 1813 2838 aedificatus
1845 2806 1916 2838 erat
1937 2804 2001 2838 iste
2022 2805 2132 2846 locus,
2161 2805 2196 2838 et
2222 2822 2235 2833 -·

1214 2878 1411 2920 supplicium
1426 2880 1573 2912 omnium
1594 2880 1886 2913 condemnatorum
1903 2879 2044 2921 regionis
2061 2878 2246 2912 Armeniae:

1255 2953 1343 2994 §57.
1370 2955 1447 2986 Post
1477 2954 1550 2986 haec
1569 2955 1749 2987 Teredates
1776 2954 1985 2996 quocumque
2006 2963 2066 2995 per
2095 2953 2231 2987 dition1

1212 3041 1307 3065 suam
1322 3033 1450 3065 litteras
1466 3033 1646 3066 transmitti
1655 3033 1755 3075 jussit
1765 3059 1773 3073 ‚
1791 3042 1866 3075 quae
1879 3032 1979 3074 hujus
1990 3033 2084 3065 erant
2098 3030 2219 3064 tenoris
2241 3030 2244 3036 ’

1213 3109 1390 3142 Teredates
1406 3119 1462 3143 rex
1490 3119 1616 3152 magnae
1645 3110 1808 3144 Armeniae
1836 3109 2061 3151 magnatibus,
2092 3107 2192 3141 ducib
2215 3094 2242 3150 γ’
2273 3143 2282 3148 ‚

1210 3190 1350 3232 satrapis
1363 3214 1372 3231 ,
1398 3191 1566 3233 praesectis
1581 3193 1616 3224 et
1635 3190 1771 3232 reliquis
1788 3190 1824 3223 in
1839 3190 1964 3222 ditione
1990 3198 2064 3222 mea
2090 3171 2234 3221 subditis

1208 3269 1353 3311 oppidis,
1380 3270 1462 3303 vicis
1481 3272 1514 3303 et
1533 3270 1615 3303 locis
1627 3295 1636 3311 ,
1655 3269 1767 3303 liberis
1783 3269 1883 3302 simul
1908 3270 1941 3302 et
1960 3267 2113 3300 libertate
2130 3273 2228 3299 caren
2246 3263 2247 3266 ’

1207 3346 1316 3386 tibus,
1344 3346 1495 3380 omnibus
1513 3356 1638 3389 pacem.
1658 3346 1868 3379 Providentia
1885 3345 1929 3378 sit
1953 3344 1995 3377 ab
2017 3343 2139 3377 auxilio
2165 3341 2246 3376 deo
2277 3350 2281 3355 ·

1211 3434 1305 3464 rum,
1327 3427 1360 3458 et
1380 3426 1557 3467 plurimum
1583 3425 1760 3458 alacritatis
1787 3434 1807 3457 a
1831 3423 2011 3457 fortissimo
2034 3423 2138 3463 Jove,
2167 3429 2206 3454 ou
