2294 3620
107 203 182 242 136

106 300 242 338 geance
262 287 326 324 des
342 286 540 322 anciennes
556 282 741 327 batailles.
760 282 884 328 Ainsi,
897 279 1066 329 pendant
1077 278 1129 313 les

111 349 220 384 treize
241 359 308 382 ans
325 357 399 394 que
419 344 600 393 Gregoire
616 349 715 378 resta
737 341 828 377 dans
846 340 883 374 la
902 349 1059 375 caverne
1072 363 1082 380 ,
1104 336 1131 371 il

108 418 132 454 y
149 412 211 442 eut
224 417 299 440 une
315 415 450 453 guerre
471 401 697 438 continuelle
714 407 752 436 et
768 398 922 434 terrible
947 403 1050 432 entre
1064 395 1130 430 Ti-

110 464 232 500 ridate
249 470 287 500 et
301 463 336 498 le
351 463 411 498 roi
436 461 501 497 des
520 463 646 496 Perses
663 457 727 508 (1).
749 458 780 493 Il
801 457 974 492 ordonna
994 464 1130 490 encore

112 522 228 571 qu'on
262 520 436 569 expediat
456 532 504 555 un
518 526 624 554 autre
648 517 726 553 edit
749 516 840 552 dans
856 516 907 550 les
931 513 1130 562 provinces

114 581 160 617 de
176 593 244 616 son
261 591 439 627 royaume
454 585 490 614 et
503 578 570 625 qui
589 577 678 612 etait
695 586 815 622 concu
832 586 878 609 en
892 584 952 608 ces
971 579 1104 607 termes
1120 582 1127 604 :

118 651 134 672 (ι
158 639 343 684 Tiridate,
364 638 423 673 roi
443 637 543 672 dela
562 632 926 675 Grande-Armenie‚
946 642 1019 665 aux
1041 641 1133 677 pays

114 698 325 734 tributaires
355 703 392 732 et
413 707 486 731 aux
513 694 728 743 provinces,
753 703 826 726 aux
855 697 1039 737 satrapes,
1059 699 1132 723 aux

115 757 272 800 soldats‚
289 767 361 790 aux
381 753 572 801 villageois
590 758 627 787 et
641 753 662 786 3
678 757 779 793 tous,
798 749 906 784 salut.
925 748 1042 794 Soyez
1069 758 1131 780 sa-

115 814 269 858 tissaits,
304 825 366 848 car
400 823 495 847 nous
522 810 617 845 aussi
647 819 804 844 sommes
834 804 1000 842 satisfait.
1032 806 1132 839 Vous

115 885 220 909 savez
251 877 460 914 comment,
491 868 554 904 des
580 868 615 903 le
634 873 753 914 temps
784 865 831 900 de
853 876 923 899 nos
943 863 1132 906 ancetres,

116 944 213 968 nous
233 931 417 966 obtinrnes
458 928 493 963 13
511 926 664 962 victoire
694 932 731 960 et
750 925 784 959 la
805 923 892 971 paix
911 934 1001 957 avec
1022 921 1132 956 l'aidc

116 990 180 1026 des
204 989 334 1033 dieux,
355 992 537 1023 comment
549 996 643 1019 nous
669 994 784 1019 avons
804 980 986 1029 subjugue
1008 987 1132 1015 tontes

115 1049 167 1084 les
193 1049 337 1084 nations
353 1073 362 1091 ‚
385 1052 421 1081 et
445 1055 539 1079 nous
573 1043 625 1078 les
650 1054 764 1077 avons
802 1039 1019 1076 conservees
1048 1051 1134 1074 sous

115 1114 222 1142 notre
243 1106 468 1142 obeissance.
499 1102 592 1137 Mais
609 1100 736 1149 quand
758 1111 827 1135 nos
844 1099 1066 1146 hommages
1086 1110 1133 1133 ne

115 1165 238 1200 furent
262 1164 344 1212 plus
363 1161 552 1210 agreables
574 1171 647 1195 aux
667 1159 780 1195 dieux
807 1165 844 1193 et
869 1169 942 1205 que
966 1168 1062 1192 nous
1087 1169 1133 1192 ne

115 1223 258 1258 savions
278 1221 358 1269 plus
379 1219 431 1255 les
456 1219 602 1267 apaiser
627 1217 718 1253 dans
748 1217 829 1252 leur
857 1227 1067 1259 courroux,
1092 1215 1135 1249 ils

114 1293 207 1316 nous
221 1279 474 1316 renvcrserent
489 1277 534 1313 de
550 1277 653 1313 force
670 1276 723 1312 du
736 1276 823 1311 faite
842 1275 885 1311 de
899 1282 1009 1310 notre
1029 1274 1133 1323 puis-

113 1351 233 1374 sance.

166 1395 202 1446 [5
212 1395 316 1445 58.]«
328 1394 373 1431 Et
388 1395 466 1431 cela
480 1395 500 1430 3
517 1406 627 1430 cause
641 1393 688 1430 de
700 1394 735 1428 la
745 1401 842 1429 secte
860 1393 924 1429 des
935 1393 1132 1428 chre‘tiens.

114 1455 165 1491 Or
180 1467 275 1490 nous
294 1466 388 1490 vous
402 1452 673 1489 commandons
692 1464 786 1500 que,
807 1452 865 1487 s’il
878 1451 957 1487 s'en
973 1452 1137 1486 trouvait

114 1514 387 1562 quelques-uns
406 1511 598 1561 (puisqu'il
624 1511 719 1547 n'est
745 1523 818 1558 que
840 1518 925 1558 trop
955 1511 1034 1545 vrai
1064 1522 1136 1557 quc

116 1585 158 1609 ce
178 1579 264 1608 sont
293 1584 365 1608 eux
384 1572 450 1619 qui
470 1571 688 1620 s'opposent
703 1582 752 1605 au
779 1570 879 1605 culte
896 1569 962 1605 des
981 1569 1095 1605 dieux
1108 1568 1134 1619 ),

160 1669 204 1711 (1)
217 1671 260 1702 Le
273 1669 321 1701 roi
337 1669 394 1701 des
406 1670 518 1700 Perses
532 1668 611 1700 etait
624 1668 709 1699 alors
724 1668 842 1708 Sapor„
853 1666 905 1698 fils
921 1666 1154 1698 d'Hormisdas.
1170 1667 1241 1707 (Cf.
1267 1668 1369 1700 Moise
1383 1668 1423 1700 de
1440 1668 1593 1702 Khorene
1606 1694 1614 1709 ‚
1629 1669 1687 1702 liv.
1713 1671 1756 1710 11,
1774 1669 1825 1702 ch.
1845 1671 1954 1702 85-87.
1971 1668 1983 1710 )

117 1768 184 1805 ἀπὸ
202 1768 379 1820 προγόνων
398 1767 476 1814 νίκη
496 1767 556 1805 καὶ
572 1767 692 1818 εἰρήνη
714 1765 827 1812 πολλὴ
846 1765 1032 1818 κεχάριστο
1053 1769 1137 1816 ἡμῖν

117 1825 172 1864 διὰ
188 1829 249 1872 τῆς
262 1829 329 1864 τῶν
347 1828 430 1863 θεῶν
455 1826 628 1877 βοηθείας,
649 1824 741 1868 ὅπως
760 1823 876 1862 πάντα
895 1824 938 1862 τὰ
956 1823 1034 1872 ἔθνη
1052 1840 1138 1875 συμ-

119 1883 237 1937 φώνως
257 1882 485 1928 ὑποτάξαντες
515 1882 678 1935 ἔσχομεν.
700 1882 816 1922 ιὈταν
837 1883 904 1935 γὰρ
934 1882 1057 1926 αὐτοὺς
1078 1888 1134 1922 θε-

121 1941 279 1995 ραπεύειν
306 1944 340 1980 ἐν
370 1941 584 1992 σεὸάσμασιν
606 1945 666 1981 οὐκ
686 1943 950 1992 ἐσπουδάσαμεν
964 1972 974 1989 ,
996 1943 1054 1980 καὶ
1079 1942 1140 1986 τὰς

120 2000 283 2051 διαταγὰς
306 2002 418 2038 αὐτῶν
431 2001 774 2053 ὓπερεφρονήσαμεν,
792 2001 952 2045 ἐξέὸαλον
967 2001 1027 2038 καὶ
1045 2000 1140 2038 ἀπώ-

120 2074 223 2097 σαντο
242 2062 333 2107 ἡμᾶς
363 2063 405 2111 τῇ
426 2061 509 2111 ὀργῇ
533 2061 645 2098 αὐτῶν
667 2059 736 2097 ἀπὸ
756 2063 816 2107 τῆς
842 2059 1008 2111 μεγίστης
1039 2063 1140 2111 ἡμῶν

120 2117 332 2162 δεσποτείας.

170 2177 192 2226 S
223 2177 287 2216 58.
320 2178 394 2215 Νῦν
424 2171 481 2214 οὖν
512 2177 663 2226 μάλιστα
690 2175 745 2215 διὰ
763 2176 824 2223 τὴν
842 2179 909 2214 τῶν
931 2180 1140 2228 χριστιανῶν

122 2229 304 2280 θρησκείαν
337 2230 620 2281 παραγγέλλομεν
639 2233 718 2279 ὑμῖν
731 2259 741 2278 ,
764 2230 933 2274 πολλάκις
963 2230 1030 2282 γὰρ
1048 2247 1140 2280 συμ-

120 2280 230 2319 &aiva
261 2283 441 2333 εὑρεθῆναί
475 2298 572 2330 τινα,
605 2283 701 2320 αὐτοὶ
734 2282 799 2334 γὰρ
835 2284 953 2320 πλεῖον
988 2283 1140 2335 γίνονται

120 2334 280 2384 ἐμπόδιον
301 2337 343 2387 τῇ
374 2337 441 2373 τῶν
461 2338 545 2373 θεῶν
564 2335 727 2388 λατρεία·
750 2335 839 2373 ὥστε
869 2334 948 2379 τοὺς
968 2336 1142 2380 τοιούτους

119 2397 274 2450 εὑρόντας
305 2399 395 2448 ὑμᾶς
424 2400 469 2441 εἰς
487 2397 590 2448 μέσον
613 2399 774 2450 ἀγαγεῖν·
803 2399 862 2437 καὶ
889 2399 955 2450 γὰρ
975 2399 1047 2437 ἀπὸ
1074 2402 1142 2437 τῶν

121 2456 288 2508 βασιλέων
310 2458 402 2507 δῶρα
422 2457 479 2495 καὶ
499 2456 583 2507 τιμὴ
600 2457 805 2510 κεχάρισται
823 2459 891 2502 τοῖς
915 2461 1120 2510 φανεροῧσιν
1133 2474 1141 2482 ·

121 2514 201 2553 εἰδὲ
223 2515 270 2564 μὴ
289 2515 521 2560 ἀποδείξουσιν
543 2515 680 2565 αὐτοὺς,
702 2515 724 2562 ἢ
745 2518 804 2554 καὶ
825 2515 1013 2568 κρύψουσι,
1035 2532 1143 2555 κατα-

120 2573 302 2624 ληφθέντες
321 2568 412 2612 οῧτοι
433 2573 522 2623 μετὰ
540 2577 608 2612 τῶν
629 2575 825 2613 καταδίκων
853 2574 1142 2626 λογισθήσονται,

122 2631 179 2669 καὶ
200 2633 246 2684 εἰς
275 2632 316 2669 τὰ
350 2632 509 2684 βασίλεια
535 2633 695 2685 ἀχθέντες
730 2633 1024 2681 ἀποθανέτωσαν,
1062 2637 1080 2672 ὁ
1109 2635 1144 2672 δὲ

124 2683 212 2733 οἶκος
241 2691 350 2729 αὐτῶν
382 2694 430 2743 τῷ
453 2691 607 2744 δημοσίῳ
643 2693 805 2745 ἀποδοθῇ.
842 2694 884 2731 1Ξῖ
905 2693 964 2731 καὶ
996 2692 1040 2730 τὰ
1077 2694 1147 2743 μά-

123 2748 225 2786 λιστα
251 2747 316 2799 ἐγὼ
347 2752 406 2787 οὐκ
439 2751 628 2799 ἐφεισάμην
658 2753 716 2789 τοῦ
756 2754 838 2800 ἐμοῦ
874 2752 1057 2801 ἀγαπητοῦ
1085 2752 1145 2790 καὶ

126 2806 300 2858 εὐεργέτου
322 2808 510 2861 Γρηγορίου
525 2838 534 2855 ,
559 2809 662 2861 ὅνπερ
683 2809 795 2847 ἕνεκεν
817 2810 936 2847 τούτου
956 2813 1016 2848 τοῦ
1039 2826 1145 2863 προσ-

127 2865 300 2915 τάγματος
317 2867 462 2909 πολλαῖς
479 2867 641 2918 βασάνοις
665 2868 724 2905 καὶ
743 2868 924 2919 τιμωρίαις
942 2868 1146 2917 ὓποὸαλὼν,

127 2921 264 2973 ὕστερον
289 2924 450 2962 ἐκέλευσα
480 2926 582 2964 αὐτὸν
604 2927 636 2963 ἐν
657 2929 707 2978 τῷ
729 2927 911 2978 βαθυτάτῳ
929 2929 1074 2979 κρημνῷ
1096 2932 1145 2980 (Ji-

130 2983 252 3031 φ’ἧναι,
275 2983 414 3020 κάκεῖσε
434 2983 508 3031 ἅμα
538 2984 607 3021 ὕπὸ
620 2986 687 3021 τῶν
713 2984 823 3036 ὄφεων
842 2988 1032 3037 βρωθῆναι.
1056 2987 1146 3025 Οὐδὲ

130 3037 194 3087 γὰρ
211 3039 264 3076 τὸν
286 3040 392 3089 μέγαν
414 3042 518 3079 αὐτοῦ
538 3042 642 3079 κόπον
665 3044 876 3094 ἐλογισάμην
896 3060 930 3082 τι
954 3044 1037 3096 πρὸς
1056 3045 1148 3098 [τὴν]

132 3096 198 3131 τῶν
218 3098 298 3133 θεῶν
315 3099 450 3148 ἀγάπην
474 3099 532 3137 καὶ
552 3100 655 3149 τιμὴν
668 3131 678 3147 ,
697 3101 753 3139 ἵνα
767 3101 825 3139 καὶ
842 3104 920 3151 ὑμῖν
945 3103 1071 3146 ἀπειλὴ
1092 3106 1150 3144 καὶ

134 3152 236 3203 φόὸος
260 3156 403 3194 θανάτου
431 3157 593 3208 γένηται,
614 3159 672 3196 καὶ
704 3159 831 3206 ζήσητε
862 3160 929 3198 ὑπὸ
948 3160 1010 3207 τὴν
1038 3163 1148 3202 αὐτῶν

135 3210 306 3260 πρόνοιαν,
324 3215 380 3252 καὶ
394 3215 474 3266 παρ’
488 3219 586 3265 ἡμῶν
605 3223 830 3270 συνεργασίας
851 3219 989 3271 εὕρητε·
1006 3221 1148 3262 συνίετε.

135 3265 341 3318 (Υγιαίνετε,
362 3273 419 3309 καὶ
437 3278 534 3322 ἡμεῖς
551 3275 762 3326 ὑγιαίνομεν.

188 3327 210 3376 5
241 3327 304 3376 59.
339 3330 403 3366 Καὶ
421 3332 551 3379 ἐγένετο
565 3335 597 3371 ἐν
610 3334 749 3379 ἐκείνοις
773 3336 841 3377 τοῖς
860 3343 1007 3389 καιροῖς,
1031 3335 1151 3383 ε’ζτῖτη-

137 3398 194 3423 σεν
213 3386 325 3439 ἑαυτῷ
347 3395 491 3437 γυναῖκα
512 3393 753 3439 Διοκλητιανὸς
774 3397 791 3431 ὃ
814 3397 952 3448 Καῖσαρ
974 3395 1059 3448 πρὸς
1087 3400 1152 3445 γά-

1000 172 1327 229 AGAT'HANGE.

1210 287 1260 310 on
1275 274 1325 308 les
1343 271 1512 307 ἀεί-1101100
1531 266 1710 314 aussit6t3
1728 276 1779 314 et,
1802 268 1822 305 ὲ
1840 281 1938 305 ceux
1956 269 2024 318 qui
2040 269 2076 306 le
2093 261 2250 312 serene?

1202 334 1226 368 il
1248 343 1328 368 sera
1354 328 1537 366 distribue
1557 327 1623 363 des
1647 328 1816 376 presents
1835 335 1872 363 et
1901 328 1967 364 des
1987 328 2165 377 largesses

1202 398 1310 427 notre
1330 389 1452 424 tresor
1478 387 1602 434 royal.
1630 387 1724 422 Mais
1753 387 1852 422 celui
1881 388 1948 435 qui
1972 387 2026 423 les
2052 387 2223 424 caeherai

1202 463 1254 487 ou
1274 449 1340 498 qui
1356 459 1404 483 110
1432 447 1486 482 105
1507 445 1756 482 denoncerait
1779 458 1865 495 pas,
1887 444 1944 482 s’il
1962 451 2018 482 est
2033 445 2246 486 decouvert.

1203 509 1369 552 ensuite,
1392 505 1485 554 qu'il
1504 505 1579 540 soit
1611 504 1824 540 condamne
1840 505 1862 541 a
1882 512 2003 550 mort,
2026 511 2064 541 et
2091 505 2254 554 envoy&

1204 581 1250 604 au
1271 565 1438 602 tribunal
1458 564 1511 600 du
1530 563 1613 609 roi;
1632 564 1659 598 il
1679 576 1835 599 mourra
1848 592 1858 610 ‚
1878 571 1916 601 et
1940 576 1980 601 sa
1995 564 2142 600 maison
2159 576 2254 604 serat

1204 627 1365 663 devolue
1379 637 1429 660 au
1441 622 1521 659 fisc.
1540 624 1598 659 De
1621 623 1743 660 meme
1760 635 1834 671 que
1843 622 1882 671 je
1899 623 1976 659 n'ai
1991 635 2059 672 pas
2077 624 2250 673 epargn&¹

1204 698 1294 722 mon
1302 684 1413 721 fidele
1427 683 1611 731 Gregoire
1625 694 1699 731 que
1713 681 1876 729 J’aimais
1891 681 2124 727 infiniment,
2140 683 2252 732 puis-⁸·-
2262 697 2275 706 ’-

1207 757 1296 793 que,
1313 743 1563 793 precisement
1580 754 1681 790 pour
1695 742 1775 777 cela
1786 768 1797 786 ,
1810 740 1848 788 je
1861 742 1915 777 lui
1925 740 1970 778 fis
1983 742 2148 778 endurer
2162 740 2255 778 d'a-

1207 811 1329 839 troces
1349 809 1582 846 tourments,
1604 808 1642 837 et
1661 801 1747 850 puis
1763 801 1916 838 ‘ensuite
1934 801 1972 849 Je
2003 800 2068 837 l'ai
2100 799 2170 837 fait
2187 798 2249 848 Je-

1207 870 1263 899 ter
1295 862 1389 898 dans
1426 873 1501 896 une
1530 872 1692 896 caverne
1720 859 1911 909 profonde
1938 873 2041 910 pour
2081 871 2108 908 y
2128 859 2248 896 servir

1207 921 1365 958 aussitot
1384 921 1432 957 de
1450 920 1586 969 pature
1606 932 1681 956 aux
1693 927 1879 968 serpents‚
1899 931 1983 956 53115
1997 918 2106 956 avoir
2129 916 2247 968 &gard

1206 981 1226 1017 a
1240 993 1295 1017 ses
1310 979 1447 1029 grands
1463 979 1636 1023 services,
1649 978 1714 1015 des
1729 976 1818 1027 qu'il
1833 978 2010 1028 s'agissait
2024 978 2072 1015 de
2083 975 2249 1014 l’amoui·
2263 1003 2264 1006 =

1208 1048 1244 1076 et
1261 1040 1308 1076 de
1328 1041 1363 1075 la
1381 1039 1525 1075 crainte
1541 1038 1607 1074 des
1625 1037 1752 1074 dieux.
1764 1039 1846 1085 Que
1860 1039 1940 1075 ceci
1958 1050 2062 1076 serve
2081 1035 2243 1073 d’exem-
2260 1047 2261 1082 j

1208 1101 1285 1148 ple,
1304 1106 1342 1135 et
1359 1098 1542 1135 redoutez
1559 1107 1634 1133 une
1652 1104 1757 1133 mort
1775 1097 2000 1136 semblable.
2019 1097 2127 1135 Ainsi
2150 1107 2249 1135 vous

1207 1160 1332 1195 vivrez
1349 1170 1437 1194 sous
1449 1158 1486 1192 la
1501 1157 1720 1206 protection
1736 1156 1800 1193 des
1817 1157 1950 1204 dieux,
1963 1164 2001 1193 et
2011 1169 2107 1194 vous
2125 1169 2248 1208 pour*
2260 1179 2263 1187 ω

1208 1231 1269 1254 rez
1288 1217 1459 1253 attendre
1473 1216 1520 1252 de
1533 1228 1629 1252 nous
1645 1216 1712 1252 des
1726 1215 1916 1255 bienfaits.
1932 1217 2051 1265 Soyez
2063 1216 2248 1262 satisfaits,
2291 1226 2294 1261 f

1210 1290 1274 1314 car
1283 1290 1380 1313 nous
1393 1277 1426 1313 le
1441 1288 1603 1312 sommes
1613 1276 1726 1314 aussi.
1750 1291 1766 1308 n
2258 1283 2260 1286 ·
2293 1269 2294 1272 ’

1671 1405 1779 1440 XIII.

1263 1509 1299 1558 [S
1333 1508 1409 1559 59.]
1440 1512 1497 1546 En
1525 1523 1567 1547 ce
1588 1511 1792 1560 temps-liz,
1809 1512 1836 1547 il
1859 1512 1985 1548 arriva
2004 1523 2079 1560 que
2097 1511 2256 1562 l'empe-

1209 1581 1298 1604 reur
1317 1567 1574 1620 (Diocle'tien,
1593 1569 1903 1622 Tioghlidianos)
1920 1571 2055 1608 voulut
2085 1571 2255 1620 prendre

1211 1781 1231 1804 3
1258 1774 1405 1814 tempore
1439 1774 1683 1815 progenitorum
1716 1774 1904 1806 nostrorum
1935 1773 2074 1806 victoria
2109 1775 2144 1806 et
2181 1781 2263 1815 paxa-

1212 1837 1316 1868 multa
1353 1836 1447 1868 nobis
1471 1837 1548 1870 data
1561 1839 1604 1871 sit
1626 1847 1684 1880 per
1707 1837 1867 1870 auxilium
1887 1837 2040 1877 deorum,
2077 1838 2114 1870 ut
2140 1844 2256 1870 omnes

1211 1910 1323 1950 gentes
1351 1910 1554 1943 concorditer
1585 1909 1781 1942 haberemus
1810 1908 1970 1942 subditas.
2007 1910 2090 1954 Nam
2121 1906 2270 1949 quando

1212 1980 1285 2013 illos
1311 1981 1344 2013 in
1370 1981 1553 2014 simulacris
1580 1981 1687 2014 colere
1710 1990 1775 2013 non
1804 1979 2013 2020 studuimus,
2036 1980 2070 2012 et
2100 1977 2255 2012 mandata

1212 2059 1324 2083 eorum
1336 2052 1605 2093 contempsimus,
1623 2051 1671 2084 ira
1684 2060 1744 2084 sua
1757 2060 1817 2083 nos
1827 2050 1995 2091 ejecerunt
2009 2050 2044 2082 et
2056 2039 2282 2091 expulerunt·

1214 2130 1234 2153 a
1246 2121 1388 2153 maxima
1403 2120 1626 2154 dominatione
1649 2122 1778 2153 nostra.-

1255 2186 1274 2225 §
1295 2187 1347 2217 58.
1365 2185 1458 2216 Nunc
1470 2194 1546 2226 ergo
1563 2184 1706 2216 maxime
1729 2184 1862 2226 propter
1882 2182 2072 2224 religionem
2090 2180 2250 2216 Christia-
2268 2215 2271 2217 Α

1213 2261 1327 2287 norum
1340 2254 1534 2287 mandamus
1545 2255 1640 2287 vobis
1656 2255 1753 2297 (nam
1769 2263 1854 2295 saepe
1867 2252 2042 2295 contingit,
2059 2253 2098 2285 111
2117 2252 2249 2284 1110111111
2268 2266 2269 2269 “

1214 2324 1331 2365 aliquis
1354 2325 1549 2365 inveniatur,
1585 2324 1714 2366 ipsique
1741 2324 1868 2356 cultum
1914 2322 2052 2356 deorum
2083 2322 2251 2364 praecipue

1215 2395 1418 2438 impediunt)
1439 2398 1494 2435 ut,
1514 2397 1637 2438 siquos
1656 2395 1740 2428 tales
1752 2393 1944 2434 inveniatis,
1957 2393 1992 2426 in
2005 2393 2152 2426 medium
2175 2401 2264 2435 pro·v

1218 2468 1359 2501 ducatis.
1377 2470 1460 2501 Nam
1483 2478 1540 2501 eos
1566 2468 1854 2516 manifestantibus
1874 2469 1908 2500 et
1920 2467 2006 2499 dona
2024 2467 2059 2500 et
2074 2466 2180 2499 honor
2199 2465 2243 2500 de

1217 2540 1307 2571 creta
1321 2539 1397 2570 sunt
1408 2547 1427 2570 3
1440 2538 1588 2580 regibus:
1601 2538 1629 2571 si
1638 2547 1718 2571 vero
1726 2537 1800 2570 illos
1812 2546 1876 2569 non
1885 2536 2084 2577 indicabunt,
2095 2535 2149 2568 vel
2160 2543 2180 2568 e
2197 2535 2204 2542 '
2236 2551 2250 2564 ιι

1220 2608 1440 2649 abscondent,
1456 2608 1491 2640 111
1511 2608 1739 2650 comprehensi
1755 2617 1830 2640 cum
1845 2606 2009 2640 damnatis
2031 2605 2257 2645 habebuntur,

1219 2680 1378 2721 ductique
1395 2680 1429 2712 in
1447 2689 1595 2713 carceres
1619 2680 1725 2722 regios
1746 2679 1929 2712 moriantur
1945 2689 1952 2709 :
1973 2677 2094 2710 domus
2111 2685 2192 2710 vero
2207 2685 2241 2710 e·
2263 2723 2265 2726 Ι

1218 2761 1293 2784 rum
1306 2752 1436 2794 publico
1446 2752 1557 2784 detur.
1586 2752 1618 2784 Si
1630 2761 1688 2793 ego
1708 2752 1760 2784 vel
1773 2750 1912 2783 maxime
1923 2758 1987 2782 11011
1997 2747 2127 2790 peperci
2139 2747 2226 2781 dilec
2256 2784 2260 2785 ⁷

1224 2834 1297 2857 meo
1313 2826 1346 2857 et
1358 2824 1440 2857 bene
1459 2825 1577 2857 merito
1590 2823 1747 2865 Gregorio
1757 2849 1764 2862 ‚
1780 2830 1878 2863 quem
1901 2821 2036 2862 propter
2051 2819 2114 2851 boc
2130 2817 2251 2851 manda
2261 2826 2264 2831 ·

1222 2890 1311 2928 tum,
1335 2889 1451 2921 multis
1469 2888 1670 2921 cruciatibus
1686 2888 1720 2920 et
1739 2885 1912 2918 tormentis
1937 2883 2030 2925 prius
2056 2882 2242 2924 subjectum
2259 2908 2270 2921 ,μ

1224 2954 1259 2986 111
1294 2954 1586 2996 profundissimum
1621 2951 1843 2995 praecipitium
1882 2948 1997 2992 projici
2021 2946 2125 2990 Jussi‚
2150 2944 2268 2987 ibiqu

1227 3019 1324 3052 simul
1338 3028 1357 3051 3
1371 3019 1580 3061 serpentibus
1596 3017 1768 3055 devorari3
1786 3023 1892 3056 neque
1915 3013 2003 3046 enim
2017 3018 2173 3051 magnum
2191 3018 2255 3050 eju:

1225 3085 1371 3117 laborem
1389 3085 1571 3117 existimavi
1586 3083 1711 3125 aliquid
1730 3091 1802 3115 esse
1814 3081 1848 3113 in
1867 3076 2109 3120 comparatione
2122 3074 2164 3108 ad
2183 3095 2187 3102 -
2216 3086 2241 3101 0.-

1225 3158 1293 3181 rem
1307 3149 1340 3181 et
1358 3148 1483 3180 cultum
1501 3148 1637 3180 deorum
1649 3172 1657 3187 ‚
1671 3147 1710 3178 ut
1721 3144 1815 3178 vobis
1827 3143 1926 3176 etiam
1934 3141 2045 3173 metus
2061 3138 2104 3171 sit
2115 3139 2150 3170 et
2162 3136 2274 3187 1111101,

1225 3215 1355 3254 mortis,
1375 3216 1410 3247 et
1431 3214 1493 3247 sub
1507 3223 1622 3247 eornm
1635 3211 1757 3245 vivatis
1776 3207 2000 3253 providentia,
2016 3206 2051 3237 et
2067 3199 2226 3236 beneficia
2242 3195 2268 3231 α’

1225 3276 1318 3308 nobis
1338 3275 1604 3317 consequamini3
1620 3273 1801 3315 intelligite.
1820 3271 1947 3310 valete,
1961 3269 1995 3301 et
2006 3276 2066 3300 nos
2080 3265 2239 3298 valemus.
2270 3262 2272 3266 ’

1269 3340 1356 3381 §59.
1381 3340 1450 3372 Illis
1467 3339 1672 3380 temporibus
1696 3335 1919 3368 Diocletianus
1941 3332 2120 3374 imperator
2137 3323 2257 3370 (1113181-
2281 3358 2290 3371 ,⁷

1225 3401 1274 3433 vit
1282 3400 1452 3432 mulierem
1468 3399 1593 3441 nuptiis
1609 3397 1671 3431 sibi
1687 3396 1894 3430 sociandam:
1908 3395 1942 3427 01
1959 3394 2038 3426 tunc
2057 3391 2275 3428 circumque·-
