2294 3620
668 111 904 152 HISTOIRE
933 112 1004 152 DU
1031 105 1210 153 REGNE·
1232 115 1298 153 DE
1328 117 1580 160 TIRIDATE.

301 253 816 306 ΑΓΑΘΛΓΓΕΛΟΣ.

41 347 125 391 Acta
152 349 367 380 Sanctorum
392 347 603 389 septembris,
624 349 736 380 tomus
754 349 849 389 VIlI,
870 357 944 390 pag.
967 350 1028 381 320
1047 349 1080 382 et

79 403 147 436 seq.
166 413 202 418 -
220 397 307 428 Acta
330 395 451 428 sancti·
477 396 650 435 ammorii,
679 396 812 428 auctore
839 395 1078 438 Agathange103

14 442 20 447 ’
80 450 121 474 ex
137 441 338 475 Bibliotheca
350 441 509 474 Medicaea
522 442 663 476 Florent.
673 443 704 476 S.
716 443 1082 486 Laurentii,interprete

79 491 205 522 Joanne
222 489 388 531 Stiltingo,
408 490 439 522 S.
456 490 489 520 J.

30 555 248 618 ’Πρόλογος
262 552 548 617 Ᾱγαθαγγέλου
563 557 624 612 ,ἐν
638 554 696 606 οἷς
715 554 786 599 καὶ
800 557 846 601 τὸ
868 558 1078 619 μαρτύριον

369 625 483 688 ἁγίου
509 626 740 689 Γρηγορίου.

91 729 113 780 §
131 743 165 769 1.
179 728 226 769 Οἱ
243 732 288 782 τῇ
308 729 477 783 ἐπιθυμίᾳ
495 729 541 768 τὰ
561 732 598 783 (l.
618 732 708 781 ταῖς)
726 733 760 770 ἐν
778 730 965 784 πελάγεσιν
985 732 1076 770 ὁδοι-

38 787 176 839 πορίαις
201 787 345 833 ἑαυτοὺς
376 789 569 834 ἐκδιδόντες
595 788 656 828 καὶ
680 789 767 843 πρὸς
792 789 870 834 τοὺς
900 790 1077 835 κινδύνους

7 849 105 886 ’τῶν
139 847 307 899 κυμάτων
352 847 569 900 ἐπειγόμενοι
609 849 797 901 προθύμως
834 853 916 894 ναῦς
960 866 1074 888 κατα-

37 906 267 956 σκευάζουσι,
294 908 355 946 καὶ
387 909 423 946 ἐν
452 907 608 960 θαλάττῃ
639 907 698 946 τὸν
732 908 805 960 βίον
835 908 1074 961 ἀσπάζονται,

35 965 131 1004 ἱστὸν
145 967 310 1012 ἱστῶντες
322 967 382 1005 καὶ
400 969 471 1011 τοῖς
489 967 675 1014 πηδαλίοις
691 966 914 1018 ἐκτέμνοντες
928 968 991 1015 τὴν
1006 971 1075 1006 τῶν
1103 989 1107 992 ·

36 1023 170 1063 ὑδάτων
206 1025 286 1076 βίαν
329 1025 390 1065 καὶ
427 1025 661 1078 κυὸερνῶντες
696 1026 760 1073 τὴν
800 1030 882 1065 ναῦν
925 1027 1074 1080 ἔνθαπερ

36 1085 269 1135 βουληθῶσιν,
300 1085 627 1138 χαλιναγωγοῧντες
666 1086 825 1138 καθάπερ
859 1088 976 1124 πῶλον
1009 1086 1072 1133 τὴν

35 1143 175 1195 σκάφην
194 1145 280 1196 πρὸς
296 1144 359 1190 τὴν
387 1144 517 1183 οἷκείαν
538 1144 663 1196 ὁρμήν.
679 1144 834 1189 Τούτους
852 1146 890 1183 οὔ
912 1145 1074 1184 δειλαίνει

33 1202 203 1252 κυμάτων
231 1204 313 1254 βία,
336 1204 374 1241 οὗ
399 1203 579 1255 προσὸολὴ
600 1203 780 1243 σπιλάδων
802 1207 1015 1242 καταπτοεῒ·
1035 1206 1071 1243 ἐν

33 1260 202 1305 κινδύνοις
231 1261 298 1314 γὰρ
333 1261 576 1312 διαιτώμενοι,
609 1262 758 1312 γείτονες
805 1262 953 1301 θανάτου
985 1257 1073 1301 εἶναι

32 1319 269 1370 ἀσπάζονται,
292 1320 386 1364 ὅπως
404 1321 650 1374 χορηγήσωσιν
675 1321 811 1373 ἑκάστῳ
842 1321 886 1359 τὰ
905 1322 990 1374 πρὸς
1008 1322 1071 1370 τὴν

31 1379 168 1432 χρείαν.
214 1379 287 1419 Καὶ
308 1381 339 1418 οἱ
372 1379 435 1430 μὲν
458 1380 543 1432 πρὸς
561 1380 785 1433 κατατροφὴν
815 1381 953 1418 πόλεων
977 1382 1070 1419 ἐπεί-

31 1453 174 1489 γονται,
194 1439 225 1477 οἱ
245 1437 281 1477 δὲ
310 1438 397 1490 πρὸς
415 1439 670 1490 καλλωπισμὸν
693 1440 827 1492 ἀνδρῶν
857 1455 895 1477 τε
923 1440 983 1478 καὶ
1009 1456 1069 1491 γυ·

31 1499 159 1535 ναικῶν
181 1496 239 1536 ἐπὶ
266 1495 330 1545 τὴν
351 1497 503 1545 Ἰνδικὴν
524 1498 700 1537 θάλατταν
723 1498 930 1546 σπεύδουσι,
953 1502 1015 1546 τῆς
1036 1501 1071 1538 ἐν

31 1555 173 1601 ἐκείνοις
200 1556 365 1608 εὐθυμίας
382 1557 422 1610 (1.
442 1556 613 1607 εὐθηνίας)
630 1557 734 1596 λίθων
753 1557 880 1608 τιμίων
906 1564 976 1601 τοῖς
995 1560 1068 1597 δεο-

32 1615 148 1665 μένοις
170 1616 471 1667 μετακομίζοντες.
522 1618 585 1660 Εἷς
603 1621 703 1655 τοῦτο
723 1611 780 1655 οὖν
802 1616 901 1668 κάγὼ
920 1617 1072 1669 πέλαγος

29 1675 250 1728 πραγμάτων
280 1675 458 1724 εἰσελθὼν,
491 1676 626 1727 βαδίσω
642 1671 703 1727 Ατῷ
730 1675 824 1728 λόγῳ
853 1676 910 1715 ἐπὶ
931 1676 976 1715 τὰ
1001 1680 1069 1715 τῶν

30 1731 220 1786 Ἀρμενίων
239 1734 459 1786 πράγματα,
480 1734 766 1787 συγγραφόμενος
796 1738 835 1785 (l.
860 1737 1070 1790 συγγράφων

29 1793 196 1844 πόλεμον)
226 1795 294 1831 τῶν
327 1795 477 1845 Περσῶν
498 1809 536 1832 τε
562 1793 623 1832 καὶ
651 1793 858 1846 Ἀρμενίων,
880 1797 925 1838 ὡς
947 1796 1069 1834 ἐπολέ-

31 1867 151 1902 μησαν
173 1851 258 1904 πρὸς
277 1852 461 1900 ἀλλήλους.

83 1916 102 1958 §
122 1925 158 1950 2.
181 1911 333 1963 Πάρθων
349 1914 389 1960 (l.
403 1911 574 1964 Πάρθοι),
593 1914 626 1951 ἐν
645 1912 787 1964 εὐτυχίᾳ
804 1912 951 1965 μεγίστῃ
975 1912 1069 1957 ὄντες
1082 1945 1091 1958 ,

28 1972 89 2008 καὶ
108 1973 312 2022 κρατοῦντες
330 1974 393 2018 τ’ἧς
411 1974 478 2010 τῶν
498 1973 645 2024 Περσῶν
669 1973 848 2024 βασιλείας
868 1972 928 2010 καὶ
945 1972 1068 2024 Ἀρμε-

28 2029 109 2067 νίων
127 2029 187 2067 καὶ
201 2029 317 2069 Ἰνδῶν
334 2033 403 2069 τῶν
418 2030 678 2081 γειτνιαζόντων
693 2036 763 2074 τοῖς
779 2030 875 2082 ἑῴοις
892 2030 1067 2083 Πέρσαις,

28 2087 80 2127 ἔτι
94 2088 130 2126 δὲ
146 2092 214 2128 τῶν
238 2089 488 2141 σκληροτάτων
506 2091 767 2140 Μασσαγετῶν,
782 2084 878 2142 εἶχον
893 2090 957 2136 τὴν
970 2090 1067 2135 τάξιν

25 2146 158 2195 ταύτην
172 2163 181 2172 ·
199 2150 217 2186 ὁ
246 2147 310 2199 μὲν
340 2148 408 2201 γὰρ
426 2151 562 2201 πρῶτος
589 2152 649 2186 τοῦ
671 2151 789 2201 γένους
809 2152 877 2186 τῶν
899 2149 1065 2201 Πάρθων,

26 2209 94 2245 τῶν
113 2208 159 2251 εἷς
175 2206 320 2260 ὕστερον
338 2208 668 2259 μετονομασθέντων
688 2209 902 2259 Ἀρσαδίκων
927 2208 1066 2261 (Ἀρσα-

27 2267 162 2316 κιδῶν),
181 2267 242 2305 καὶ
258 2268 293 2305 ἐν
311 2266 447 2320 χρόνοις
464 2267 508 2305 τὰ
524 2267 696 2319 πρεσὸεῖα
718 2269 808 2319 ἔχων
826 2267 886 2305 καὶ
905 2269 938 2305 ἐν
958 2269 1065 2320 ἀρετῇ

25 2326 279 2376 κοσμούμενος,
300 2326 431 2376 ἐγίνετο
453 2330 514 2373 τ’ῆς
533 2329 601 2365 τῶν
627 2329 774 2380 Περσῶν
797 2326 976 2379 βασιλείας
1004 2325 1066 2364 κύ-

28 2399 116 2435 ριος·
136 2387 154 2422 ὁ
174 2384 210 2423 δὲ
230 2385 274 2422 τὰ
295 2386 438 2438 δεύτεροι
461 2386 697 2438 κληρούμενος
719 2385 901 2424 ἔπε’ὅαινεν
924 2388 968 2438 τῇ
995 2388 1064 2423 τῶν

26 2442 215 2495 Ἀρμενίων
238 2445 415 2497 βασιλεία.
476 2444 517 2482 Ὁ
542 2444 577 2483 δὲ
598 2445 656 2483 τὸν
676 2445 790 2497 τρίτον
818 2444 953 2498 βαθμὸν
973 2444 1064 2497 ἔχων

23 2505 66 2554 τῇ
81 2505 149 2541 τῶν
161 2502 280 2542 Ἰνδῶν
289 2506 358 2542 τῶν
380 2503 528 2551 πλησίον
545 2503 652 2542 ὄντων
663 2506 812 2556 Περσῶν
823 2504 1061 2543 ἐδασίλευσεν.

25 2560 72 2600 ‘O
91 2562 127 2600 δὲ
150 2564 314 2616 τέταρτος
332 2565 393 2608 τῆς
414 2567 482 2601 τῶν
504 2565 750 2614 Μασσαγετῶν
769 2562 948 2614 βασιλείας
975 2564 1064 2601 ἐπε-

22 2620 234 2670 λαμὸάνετο.
257 2621 355 2669 Αὕτη·
380 2625 402 2668 ἡ
433 2622 527 2666 τάξις
554 2624 709 2674 ὑπῆρχεν
731 2623 766 2659 ἐν
785 2624 835 2673 τῷ
870 2621 961 2672 γένει
992 2624 1062 2659 τῶν

25 2679 192 2731 Πάρθων,
210 2681 268 2719 ἐπὶ
291 2680 454 2720 πλεῖστόν
473 2697 511 2719 τε
530 2680 655 2733 χρόνον
679 2683 739 2728 τῆς
758 2681 921 2728 τοιαύτης
944 2681 1062 2719 εὐδαι-

23 2738 144 2788 μονίας
162 2740 256 2784 ἐντὸς
273 2734 379 2787 ἦσαν.

63 2851 108 2893 (1)
126 2853 171 2883 La
186 2852 374 2885 monarchie
397 2852 544 2885 arsacide
570 2852 652 2885 etait
675 2853 706 2885 le
724 2853 837 2885 centre
865 2851 944 2884 d'un
971 2852 1063 2884 vaste

21 2898 164 2938 systeme
183 2898 341 2939 polilique
354 2923 363 2937 ‚
381 2907 422 2930 en
439 2899 572 2940 rapport
591 2907 672 2930 avec
687 2898 737 2931 les
758 2898 911 2930 Romains
927 2898 973 2931 du
990 2898 1063 2930 cote

20 2944 62 2976 de
91 2944 278 2983 l'oecident‚
299 2945 407 2976 landis
435 2945 511 2986 qu'a
538 2944 684 2985 l’orient‚
705 2945 730 2977 il
757 2944 838 2977 etait
864 2954 905 2978 en
935 2946 1066 2978 eontact

21 2999 102 3023 avec
117 2989 412 3032 l'empire‹·.11i110is.
431 2988 528 3024 Cette
544 2991 714 3032 puissante
729 2992 918 3025 monarchie
938 2991 1064 3024 seodale

21 3044 58 3068 se
83 3037 264 3077 composait
288 3038 330 3069 de
355 3039 472 3078 quatre
490 3046 664 3078 royaumes
680 3037 890 3078 primipaux,
909 3038 1064 3079 possedes

21 3092 82 3124 par
100 3084 148 3116 les
166 3084 330 3116 membres
348 3084 445 3116 d'une
464 3086 571 3116 meme
592 3084 715 3117 familie
731 3095 738 3115 :
757 3084 789 3116 la
814 3085 958 3117 branche
973 3086 1067 3118 alnee

22 3130 182 3163 dominait
194 3139 252 3162 sur
264 3131 295 3163 la
306 3133 417 3170 Perse,
433 3131 467 3162 et
479 3131 510 3162 le
526 3139 718 3171 monarque‚
733 3131 851 3164 decore
867 3132 913 3164 du
930 3132 1008 3164 titre
1023 3132 1065 3165 de

22 3180 76 3209 roi
96 3178 153 3210 des
177 3179 268 3219 rois,
292 3178 380 3210 avait
396 3178 428 3209 la
450 3178 551 3209 haute
579 3178 807 3210 souverainete
837 3188 894 3210 sur
917 3181 994 3211 tous
1017 3179 1065 3212 les

23 3225 152 3266 princes
168 3225 209 3257 de
229 3234 288 3257 son
306 3233 396 3266 sang.
420 3225 483 3256 Les
502 3224 569 3256 rois
590 3224 774 3257 ‹l'Armenie
795 3226 938 3258 tenaient
959 3226 990 3259 le
1010 3235 1062 3259 se-

25 3272 107 3304 cond
120 3282 216 3314 rang3
231 3272 384 3304 venaient
401 3272 531 3304 ensuite
551 3281 636 3304 ceux
655 3272 696 3304 de
715 3272 747 3304 la
766 3273 936 3306 Bactriane
950 3299 958 3313 ‚
973 3274 1064 3306 chess

26 3318 66 3350 de
82 3320 191 3351 tontes
213 3320 261 3351 les
275 3319 382 3351 tribus
393 3319 503 3351 alanes
515 3319 549 3351 et
561 3318 736 3360 gothiques
750 3319 932 3360 repandues
949 3329 1005 3352 sur
1017 3321 1065 3353 les

27 3365 124 3398 [κῃ-(15
138 3367 178 3399 de
194 3366 319 3399 Pindus
336 3376 379 3399 ou
392 3365 475 3399 dans
487 3367 535 3399 les
551 3365 680 3408 regions
696 3366 752 3407 qui
766 3375 800 3399 se
816 3367 1007 3409 prolongent
1021 3377 1063 3400 au
1097 3385 1104 3396 ·

2107 132 2185 171 {09

1396 258 1950 312 AGATHANGELUS.

1266 365 1481 422 Prologus
1505 368 1802 426 Agathangeli
1825 371 1879 414 ad
1903 372 2021 428 haec,
2046 380 2089 418 et

1388 434 1657 490 martyrium
1676 436 1718 477 S.
1747 438 1962 492 Gregorii.

1529 546 1817 586 PRAEFATIO.

1343 641 1403 681 De
1413 644 1597 692 potentia
1618 645 1732 694 requi
1751 643 2007 685 Parthorum.

1194 743 1214 786 §
1230 747 1256 776 1.
1271 743 1336 783 Qui
1349 753 1384 777 se
1396 744 1603 778 tradiderunt
1614 744 1779 778 desiderio
1790 745 1854 778 iter
1866 746 2007 779 faciendi
2021 755 2079 789 per
2091 748 2194 782 maria

1151 820 1185 853 et
1212 819 1255 852 ad
1286 829 1448 861 aquarum
1493 820 1640 862 pericula
1674 820 1862 860 incitantur,
1894 831 1995 855 naves
2042 823 2193 856 alacriter

1150 893 1346 932 exstruunt,
1365 893 1400 925 et
1415 892 1449 924 in
1464 892 1548 925 mari
1562 892 1674 926 vivere
1692 895 1823 935 amant,
1843 894 1969 927 malum
1989 895 2137 937 erigunt,
2161 899 2194 929 et

1148 966 1380 1009 gubernaculis
1405 966 1569 1000 undarum
1596 967 1760 1010 impetum
1789 968 1989 1011 infringunt,
2010 979 2193 1012 navemque

1148 1041 1309 1084 dirigunt,
1326 1041 1528 1084 ubicumque
1544 1043 1709 1076 voluerint
1719 1068 1728 1084 ,
1743 1050 1925 1077 concavum
1943 1044 2027 1077 illud
2046 1045 2171 1088 lignum
2182 1072 2191 1086 ‚

1146 1118 1227 1160 pulli
1243 1117 1357 1158 instar,
1378 1103 1436 1160 pro
1453 1119 1589 1151 arbitrio
1606 1128 1666 1152 suo
1682 1119 1907 1153 resraenantes.
1929 1121 1998 1154 Hos
2011 1131 2077 1155 non
2087 1124 2193 1156 terret

1146 1193 1310 1225 fluctuum
1329 1193 1399 1234 vis,
1414 1203 1478 1226 non
1496 1203 1653 1228 saxorum
1674 1203 1834 1228 occursus
1856 1180 2035 1231 conturbat
2059 1211 2067 1230 :
2085 1198 2120 1230 in
2134 1207 2194 1240 pe-

1146 1263 1258 1296 riculis
1280 1264 1367 1296 enim
1385 1265 1489 1297 vitam
1506 1265 1742 1307 transigentes,
1757 1265 1792 1298 in
1806 1267 1924 1300 mortis
1936 1267 2056 1301 vicinia
2067 1268 2194 1302 versari

1149 1339 1301 1381 cupiunt,
1322 1340 1361 1372 ut
1382 1339 1559 1381 unicuique
1576 1340 1716 1373 asserant
1734 1341 1839 1374 utilia.
1884 1343 1925 1374 Et
1939 1341 1975 1374 hi
1994 1341 2130 1383 quidem
2148 1342 2191 1375 ad

1147 1413 1272 1445 victum
1289 1413 1462 1446 civitatum
1479 1415 1618 1455 pergunt
1628 1426 1637 1455 ;
1648 1415 1704 1447 alii
1720 1424 1798 1448 vero
1814 1415 1857 1448 ad
1874 1418 2027 1450 ornatum
2043 1417 2191 1450 virorum

1146 1497 1186 1520 ac
1204 1488 1378 1520 mulierum
1399 1488 1442 1520 ad
1458 1497 1547 1521 mare
1574 1489 1725 1522 Indicum
1749 1492 1943 1532 properant,
1967 1492 2187 1533 pretiosorum

1144 1560 1292 1602 lapidum
1304 1559 1416 1592 inillis
1431 1560 1618 1601 regionibus
1630 1551 1866 1594 abundantiam
1877 1564 2113 1597 transferentes
2126 1565 2187 1606 eis,

1145 1630 1204 1672 qui
1223 1631 1296 1663 illos
1314 1630 1472 1672 flagitant.
1517 1633 1556 1662 In
1580 1631 1743 1673 ejusmodi
1764 1641 1875 1665 rerum
1903 1633 2037 1676 pelagus
2064 1637 2098 1668 et
2126 1645 2188 1678 ego

1144 1711 1293 1734 sermone
1308 1701 1482 1743 ingrediar,
1494 1702 1529 1734 in
1545 1704 1762 1736 Armenorum
1778 1703 1930 1737 videlicet
1942 1705 2089 1746 negotia,
2105 1706 2190 1739 scri-

1143 1771 1222 1803 bens
1236 1780 1289 1803 res
1302 1773 1410 1813 gestas
1422 1774 1595 1805 Persarum
1605 1774 1892 1814 Armenorumque
1902 1799 1910 1813 ,
1922 1773 2030 1815 qualia
2043 1774 2185 1808 invicem

1142 1842 1226 1874 bella
1246 1841 1416 1883 gesserint.

1181 1915 1199 1956 §
1218 1921 1246 1948 2.
1269 1915 1397 1956 Parthi,
1418 1916 1550 1958 quando
1567 1917 1601 1949 in
1622 1917 1763 1950 maxima
1784 1918 1918 1951 fuerunt
1939 1919 2117 1957 felicitate.
2138 1930 2188 1953 re-

1141 1999 1240 2031 gnum
1258 1991 1432 2023 Persarum
1445 2016 1453 2030 ,
1474 1992 1710 2030 Armenorum,
1733 1993 1767 2024 et
1783 1992 1939 2026 Indorum
1955 1993 2104 2033 illorum,
2126 1994 2185 2035 qui

1141 2061 1272 2094 finitimi
1301 2063 1378 2095 sunt
1407 2062 1620 2096 orientalibus
1644 2064 1775 2104 Persis,
1792 2063 1859 2098 imo
1876 2067 1909 2098 et
1933 2065 2187 2099 durissimorum

1139 2134 1418 2175 Massagetarum,
1448 2134 1665 2176 possederunt
1699 2135 1762 2167 hoc
1791 2136 1904 2169 ordine
1934 2148 1941 2168 ε
1970 2137 2096 2178 primus
2108 2162 2116 2176 ‚
2146 2147 2185 2170 ex

1138 2215 1256 2247 genere
1272 2207 1467 2239 Parthorum
1480 2232 1488 2246 ,
1503 2207 1559 2248 qui
1571 2207 1785 2249 postmodum
1799 2208 1965 2241 Arsacidae
1979 2209 2111 2242 fuerunt
2122 2219 2179 2242 co-

1137 2283 1315 2325 gnominati
1328 2309 1336 2323 ‚
1357 2285 1391 2316 et
1408 2284 1670 2326 aetateseliquos
1690 2285 1881 2326 praecedens
1897 2287 1930 2317 et
1947 2285 2069 2318 virtute
2085 2294 2183 2318 orna-

1136 2362 1192 2393 tus
1204 2386 1212 2400 ,
1232 2360 1413 2392 dominium
1431 2360 1576 2393 obtinuit
1595 2360 1685 2402 regni
1701 2355 1889 2393 Persarum'.
1935 2360 1998 2398 Qui
2020 2361 2184 2394 secundas

1136 2438 1273 2470 sortitus
1289 2439 1361 2470 erat
1376 2439 1486 2479 partes
1496 2462 1504 2477 ,
1515 2440 1734 2470 Armenorum
1755 2438 1952 2470 consecutus
1968 2439 2020 2470 est
2032 2446 2181 2479 regnum.

1136 2512 1201 2550 Qui
1220 2511 1320 2544 tertio
1342 2512 1412 2543 erat
1434 2509 1555 2552 gradu,
1578 2508 1735 2542 Indorum
1751 2509 1861 2542 Persis
1881 2509 2066 2542 vicinorum
2081 2509 2182 2542 domi·

1139 2591 1230 2623 nium
1248 2590 1374 2623 habuit.
1420 2591 1566 2628 Quartus
1583 2598 1663 2622 vero
1681 2586 1940 2631 Massagetarum
1955 2597 2091 2630 regnum
2108 2599 2182 2622 sus-

1134 2676 1232 2718 cepit.
1248 2676 1309 2707 Hic
1328 2677 1399 2707 erat
1423 2673 1505 2706 ordo
1522 2673 1556 2706 in
1569 2681 1685 2715 genere
1704 2672 1920 2711 Parthorum,
1935 2673 1969 2704 et
1990 2671 2181 2713 longissimo

1135 2751 1285 2790 tempore
1303 2748 1337 2780 in
1354 2747 1413 2779 tali
1430 2747 1593 2779 steterunt
1610 2744 1827 2787 prosperitate
1843 2743 1902 2786 (1).

1139 2849 1222 2882 nord
1236 2849 1279 2881 de
1294 2848 1397 2882 l’Inde
1414 2849 1448 2880 et
1463 2847 1482 2879 a
1499 2846 1628 2879 l'orient
1643 2846 1685 2879 de
1700 2845 1732 2878 la
1747 2847 1996 2882 Perse.¹Sebeos
2009 2849 2054 2891 (p.
2075 2845 2125 2887 11)
2137 2855 2179 2879 en

1139 2897 1198 2929 fait
1214 2895 1360 2928 mention
1376 2894 1457 2926 dans
1484 2902 1544 2927 son
1562 2893 1718 2926 Histoire.
1737 2896 1788 2924 Au
1811 2892 1941 2927 dernier
1952 2904 2032 2937 rang
2050 2893 2130 2926 etait
2147 2893 2178 2926 le

1136 2944 1186 2976 roi
1209 2942 1356 2976 arsacide
1382 2941 1442 2974 des
1462 2940 1664 2982 Massagetes
1690 2942 1725 2972 et
1755 2939 1816 2972 des
1844 2941 1962 2983 Lepins
1990 2942 2176 2984 (Lepones‚

1136 2989 1254 3031 peuple
1271 2988 1458 3021 mentionne
1473 2996 1534 3029 par
1547 2987 1690 3025 Tacite),
1704 2987 1887 3028 possedant
1902 2990 1996 3021 toute
2014 2989 2046 3021 la
2061 2987 2177 3020 Russie

1136 3036 1357 3076 meridionale,
1367 3037 1401 3068 et
1407 3037 1463 3076 qui
1474 3034 1667 3076 gouvernait
1676 3035 1722 3066 les
1736 3033 1843 3066 trihus
1855 3035 2043 3077 gotbiques,
2053 3035 2174 3072 alanes‚

1136 3092 1309 3123 saxonnes,
1329 3083 1441 3115 medes
1454 3106 1462 3121 ‚
1487 3090 1601 3123 perses
1624 3083 1657 3113 et
1675 3080 1846 3113 indiennes
1873 3090 1932 3114 sur
1949 3083 1998 3115 les
2022 3083 2110 3115 rives
2129 3081 2176 3114 du

1136 3131 1239 3171 Volga
1252 3131 1286 3162 et
1300 3130 1345 3161 du
1362 3130 1491 3162 Tanais.
1503 3147 1545 3154 -
1557 3128 1607 3160 Cf.
1632 3128 1871 3169 saint-Martia,
1886 3128 1968 3163 dans
1981 3129 2012 3162 le
2026 3129 2177 3162 Journal

1136 3178 1308 3218 asiamque
1324 3176 1446 3218 (1822),
1461 3186 1491 3217 p.
1501 3180 1540 3208 65
1555 3177 1588 3207 et
1602 3175 1701 3213 suiv„
1714 3177 1748 3207 et
1761 3177 1922 3208 Disconrs
1942 3185 2005 3209 sur
2016 3175 2176 3218 l’oriqine

1135 3225 1168 3256 ei
1187 3223 1354 3257 l’ha'stoc‘re
1375 3223 1434 3255 des
1457 3222 1657 3263 Arsacides,
1677 3222 1712 3254 lu
1730 3222 1749 3254 a
1767 3222 1797 3254 la
1820 3223 1936 3255 seance
1955 3223 2112 3265 publique
2133 3221 2175 3254 de

1135 3270 1331 3303 l'Academie
1358 3269 1417 3302 des
1446 3267 1680 3310 Inscriptions‚
1701 3269 1732 3301 le
1760 3272 1796 3301 27
1821 3269 1926 3310 juillet
1949 3273 2040 3305 1821.
2064 3269 2174 3312 publi-5

1135 3327 1194 3360 par
1205 3319 1249 3349 M.
1259 3317 1375 3359 Lajard
1385 3317 1467 3349 dans
1477 3318 1524 3349 les
1535 3315 1878 3358 OEuvresposthurnes
1889 3317 1930 3350 de
1939 3316 2172 3355 saint-Martio,

1136 3366 1292 3398 Histoire
1326 3364 1384 3397 des
1416 3364 1618 3405 Arsacides,
1637 3366 1661 3397 t.
1683 3366 1724 3405 Π,
1748 3366 1968 3407 Appendices,
1992 3376 2025 3407 p.
2053 3369 2112 3399 299
2141 3365 2175 3396 et
