2294 3620
131 202 205 240 132

182 286 220 337 [§
238 283 301 335 51]
307 311 380 322 .....
402 285 448 320 Et
464 284 498 319 le
510 284 568 319 roi
587 282 775 327 ordonna,
791 279 964 329 qu'apres
978 279 1031 314 lui
1047 278 1151 314 avoir

127 347 197 382 mis
215 345 279 381 des
297 343 435 380 cercles
451 342 498 378 de
517 342 572 378 fer
594 353 667 377 aux
692 351 840 389 genoux
851 367 862 384 ,
885 351 934 374 on
957 338 990 373 le
1004 336 1151 385 frappat

129 416 217 441 avec
231 403 297 439 des
314 408 502 438 marteaux
517 429 527 445 ,
548 406 584 436 et
603 398 721 447 qu'on
737 399 771 434 le
792 395 986 445 suspendit
1001 393 1150 442 jusqu'a

130 474 174 499 ce
201 461 316 510 qu’on
335 461 388 496 lui
410 460 472 496 eut
495 459 595 494 brise
616 459 667 493 les
682 469 843 505 genoux.
868 453 914 490 Et
926 455 952 489 il
972 453 1149 489 demeura

129 521 223 556 ainsi
235 519 422 567 suspendu
437 517 604 566 pendant
620 516 711 551 trois
737 514 853 561 jours.
873 514 924 548 Le
941 511 1148 560 quatrieme

125 579 225 627 jour,
239 579 265 614 il
278 578 450 614 ordonna
466 574 581 624 qu’on
594 574 765 610 l'amentit
776 585 823 609 en
837 585 874 608 sa
886 573 1063 620 presence
1069 595 1145 608 .....

186 634 222 689 [S
251 635 328 686 53.]
441 637 487 670 Et
508 635 533 669 il
554 633 726 669 ordonna
745 630 856 679 qu'on
877 630 921 665 fit
943 628 1077 664 fondre
1097 627 1149 663 du

128 696 258 745 plomb
275 695 365 731 dans
385 694 448 730 des
461 691 678 728 chaudieres
691 690 735 726 de
752 689 827 734 fer,
840 696 890 736 et,
907 686 1034 735 quand
1049 687 1075 721 il
1090 686 1148 721 fut

129 755 317 790 bouillant
343 760 380 788 et
398 751 538 799 liquide
570 761 714 786 comme
738 747 784 783 de
812 748 929 791 l’eau,
958 758 1007 781 on
1030 745 1064 780 le
1090 745 1148 780 re-

127 812 259 860 pandit
286 822 349 847 sur
378 811 444 847 lui.
473 811 570 845 Tout
590 820 658 843 son
687 818 797 853 corps
825 805 880 840 fut
911 809 1068 840 convert
1100 803 1147 838 de

127 870 312 907 brulures.
347 870 438 905 Mais
456 868 633 916 Gregoire
660 865 743 900 n'en
782 870 934 899 mourut
962 874 1028 910 pas
1059 869 1095 897 et
1121 862 1147 896 il

128 928 258 965 resista
273 940 362 963 avec
377 939 428 962 un
448 925 567 974 grand
581 935 754 971 courage.
770 923 832 967 Et,
852 922 873 957 a
890 922 1070 969 quelques
1085 920 1147 956 de-

127 987 280 1023 mandes
292 985 404 1034 qu’on
418 985 467 1020 lui
482 982 653 1029 adressat‚
666 982 690 1016 il
701 980 901 1029 repondait
915 979 1093 1015 aussitot..
1103 1008 1111 1016 .
1121 1007 1144 1016 ..

593 1100 662 1135 XI.

180 1224 215 1274 [S
231 1222 310 1272 54.]
326 1222 461 1259 'randis
475 1234 548 1270 que
560 1221 723 1257 Tiridate
736 1221 944 1256 s'attachait
957 1220 978 1256 a
992 1221 1044 1256 lui
1060 1232 1144 1269 par-

122 1284 177 1319 ler
191 1294 279 1319 avec
295 1281 463 1317 douceur
473 1280 536 1316 eta
546 1281 599 1316 lui
612 1287 818 1329 promettre
833 1279 898 1315 des
911 1280 1088 1315 richesses
1107 1286 1144 1315 et

160 1386 206 1427 (1)
226 1386 326 1418 Mo'ise
349 1385 390 1417 de
408 1384 558 1417 Khorene
571 1384 647 1426 (liv.
665 1385 696 1416 Il
708 1409 716 1424 ,
739 1384 790 1416 811.
812 1383 871 1425 82)
895 1392 979 1415 nous
997 1383 1138 1425 apprend

119 1433 149 1465 le
165 1441 240 1464 nom
256 1432 295 1464 de
320 1441 357 1464 ce
373 1433 511 1473 satrape.
545 1444 560 1459 «
590 1431 715 1472 DadJad
728 1456 736 1469 ,
765 1430 873 1470 dit-il,
893 1430 1076 1462 beau-frere
1104 1429 1145 1462 de

121 1479 279 1511 Ardavazt
305 1478 530 1519 Mantagouni,
555 1478 606 1510 sut
627 1478 701 1510 eree
726 1477 835 1519 prince
863 1477 908 1509 du
928 1479 1044 1509 canton
1068 1476 1144 1509 d'A-

119 1526 222 1558 cliotz.
255 1527 301 1558 Ce
332 1526 382 1558 sut
419 1524 544 1566 Dadjad
567 1524 625 1566 qui
659 1524 788 1566 prevint
821 1524 1002 1563 Ardavazt,
1035 1525 1142 1565 lequel

173 1659 194 1708 §
225 1658 287 1698 51.
324 1687 413 1697 ......
441 1657 512 1696 Καὶ
533 1656 711 1694 ἐκέλευσεν
729 1656 979 1709 περικνημῖδας
997 1657 1140 1709 σιδηρᾶς

123 1716 279 1768 γενέσθαι
311 1718 357 1759 εἷς
385 1716 429 1753 τὰ
458 1716 585 1766 γόνατα
618 1716 721 1753 αὐτοῦ
738 1745 748 1764 ,
777 1715 836 1752 καὶ
872 1713 980 1774 πῆξαι
1017 1720 1142 1767 παχεῖς

122 1778 277 1827 σφῆνας,
298 1774 358 1812 καὶ
380 1774 620 1825 ἀνακρεμάσαι
641 1775 743 1811 αὐτὸν
756 1803 766 1823 ,
784 1773 848 1816 ἕως
860 1776 898 1811 οὗ
919 1774 1144 1820 ἀπεσπάσθη-

124 1849 187 1871 σαν
204 1832 249 1870 τὰ
267 1832 397 1883 γόνατα
418 1835 535 1871 αὐτοῦ.
560 1832 724 1882 Ἔμεινεν
741 1831 776 1870 δὲ
801 1832 891 1884 τρεῖς
906 1832 1040 1884 ἡμέρας
1058 1848 1141 1884 κρε-

127 1890 289 1941 μάμενος.
309 1890 377 1928 Καὶ
394 1893 436 1942 τῇ
456 1890 554 1942 τρίτῃ
572 1889 687 1942 ἡμέρᾳ
704 1889 969 1942 κατενέγκαντες
988 1890 1140 1938 ἔστησαν

125 1948 224 1986 αὐτὸν
245 1948 436 2001 ἔμπροσθεν
451 1953 509 1987 τοῦ
532 1950 788 2001 βασιλέως......

175 2008 197 2057 S
229 2007 292 2045 53.
321 2037 397 2047 .....
423 2008 492 2046 Καὶ
524 2008 700 2046 ἐκέλευσεν
730 2010 877 2054 λυθῆναι
908 2007 1080 2058 μόλυὸδον
1107 2010 1141 2047 ἐν

122 2065 243 2112 λέὸητι
264 2067 410 2119 σιδηρῷ,
436 2066 493 2103 καὶ
522 2065 572 2104 ἔτι
592 2066 733 2111 ζέουσαν
760 2066 945 2118 καταχέειν
966 2067 1056 2105 κατὰ
1084 2073 1143 2107 τοῦ

123 2123 291 2174 στόματος
304 2126 407 2162 αὐτοῦ
422 2125 479 2162 καὶ
498 2124 573 2163 καθ’
590 2123 668 2163 ὅλον
684 2125 722 2163 τὸ
739 2128 842 2174 σῶμα
860 2127 975 2165 αὐτοῦ.
997 2127 1068 2165 Καὶ
1081 2128 1144 2165 οὒκ

122 2182 303 2231 ἀπέθανεν,
322 2183 398 2221 ἀλλ’
417 2182 468 2220 ἔτι
481 2182 570 2234 ἔχων
591 2184 755 2235 δύναμιν,
778 2187 812 2223 ἐν
829 2186 880 2236 τῷ
898 2185 1138 2237 ἐπερωτᾶσθαι

122 2242 330 2294 ἀπεκρίνατο
352 2243 386 2279 ἐν
405 2241 503 2292 τάχει
508 2271 585 2281 .....

171 2300 193 2349 S
223 2300 286 2344 54.
318 2299 389 2338 Καὶ
406 2301 450 2342 ὡς
471 2299 520 2337 ἔτι
546 2300 730 2338 ἐσκέπτετο
745 2302 963 2352 Τηρηδάτιος
986 2303 1141 2348 λαλῆσαι

121 2359 214 2409 αὐτῷ
227 2358 389 2406 ἁπαλῶς,
407 2358 464 2395 καὶ
485 2360 640 2404 δηλῶσαι
657 2359 716 2397 καὶ
738 2360 1014 2410 ἐπαγγείλασθαι
1034 2360 1142 2414 ὑπάρ-

126 2415 189 2460 ξεις
204 2416 263 2454 καὶ
281 2416 396 2465 τιμὰς,
419 2410 472 2460 αἶς
492 2418 552 2455 οὐκ
571 2416 714 2467 ἔμελλεν
732 2419 930 2464 ὑπακούειν,
947 2420 1142 2470 λογισάμε-

120 2489 173 2518 νος
192 2476 254 2522 ὥς,
272 2476 301 2512 εἷ
322 2474 370 2525 μὴ
387 2476 525 2519 ταύταις
543 2476 698 2523 πεισθείη
714 2507 724 2524 ,
742 2481 941 2528 προσθεῖναι
967 2480 1060 2531 αὐτῷ
1080 2482 1141 2530 βα-

122 2532 240 2576 σάνους
254 2533 313 2571 καὶ
330 2536 376 2577 εἷς
389 2534 509 2586 χρόνον
525 2534 693 2573 κολάσαι·
715 2535 787 2574 ἰδοὺ
804 2530 849 2579 εἷς
865 2539 932 2574 τῶν
953 2540 1140 2588 σατραπῶν

122 2591 350 2644 προσέρχεται
368 2596 416 2645 τῷ
438 2595 592 2645 βασιλεῖ,
613 2594 671 2632 καὶ
687 2594 876 2647 ἀρξάμενος
891 2597 1007 2634 λαλεῖν
1027 2597 1140 2648 αὐτῷ,

123 2649 183 2687 καὶ
216 2649 350 2696 διδάξαι
374 2657 489 2689 πᾶσαν
511 2653 573 2698 τὴν
595 2653 796 2704 ἀκρίὸειαν,
818 2654 882 2700 τὴν
908 2654 986 2707 περὶ
1021 2656 1139 2705 αὐτὸν,

123 2707 188 2759 ἔφη
201 2724 209 2731 ·
224 2710 299 2747 Οὖκ
315 2709 441 2753 ἔξεστιν
462 2710 563 2748 αὐτὸν
578 2713 650 2763 ζῇν·
672 2712 727 2750 διὰ
738 2715 838 2750 τοῦτο
848 2714 886 2752 οὗ
901 2713 992 2751 θέλει
1013 2714 1052 2752 τὸ
1071 2716 1142 2766 φῶς

123 2767 223 2814 ἰδεῖν,
244 2766 319 2805 οὔτε
338 2770 528 2815 ἐλεηθῆναι.
554 2772 726 2814 Τοσοῦτος
748 2770 815 2823 γὰρ
837 2771 975 2822 χρόνος,
995 2772 1055 2810 καὶ
1080 2774 1142 2811 οὐκ

123 2824 273 2876 ἔγνωμεν
294 2826 408 2866 αὐτόν.
429 2827 519 2865 Ἀλλ’
533 2822 626 2871 οὗτός
640 2830 730 2867 ἐστιν
745 2830 814 2871 υἱὸς
829 2827 937 2868 Ἄνακ
953 2834 1012 2868 τοῦ
1032 2847 1141 2869 κατα-

124 2883 236 2931 δίκου,
256 2888 314 2922 τοῦ
337 2885 597 2929 ἀποκτείναντος
621 2888 677 2925 τὸν
702 2888 759 2926 σὸν
781 2889 916 2941 πατέρα
938 2891 1114 2942 Κουσαρῶ
1129 2920 1139 2939 ,

124 2941 182 2978 καὶ
202 2942 406 2988 ποιήσαντος
435 2945 553 2987 σκότος
578 2948 620 2996 τῇ
637 2947 704 2983 τῶν
725 2946 910 2998 Ἀρμενίων
931 2947 1053 3000 χώρᾳ,
1082 2948 1141 2986 καὶ

126 3000 172 3042 εἷς
189 2999 325 3052 ὄλεθρον
347 3002 559 3053 παραδόντος
584 3003 646 3050 τὴν
666 3007 731 3054 γῆν
759 3005 909 3053 ταύτην,
926 3006 986 3044 καὶ
1011 3008 1058 3050 εἷς
1088 3009 1138 3045 αἷ-

126 3058 342 3105 χμαλωσίαν.
362 3061 435 3098 Νῦν
455 3055 512 3098 οἶν
533 3063 570 3098 οὗ
591 3061 660 3113 χρὴ
678 3062 780 3100 αὓτὸν
801 3065 882 3116 ζῆν·
901 3064 970 3108 υἱὸς
998 3065 1064 3117 γὰρ
1086 3067 1140 3104 ἐκ·

129 3114 291 3160 δικ-ήσεως
310 3118 473 3169 ὑπάρχει.
495 3121 564 3157 Καὶ
588 3120 674 3170 μετὰ
692 3121 864 3165 τοσαύτας
882 3122 1051 3167 ἐξετάσεις
1082 3124 1141 3162 καὶ

131 3172 297 3221 βασάνους
314 3175 371 3212 καὶ
387 3177 522 3228 πληγὰς
550 3178 608 3215 καὶ
628 3178 783 3231 φυλακὰς
799 3210 808 3229 ,
832 3181 1062 3232 στρεὸλώσεις
1081 3182 1142 3221 καὶ

129 3229 329 3281 κρεμάσεις,
349 3233 382 3269 ἐν
408 3229 460 3276 αἶς
480 3234 645 3282 ἐνέπηξαν
668 3239 712 3279 εἷς
742 3239 843 3276 αὐτὸν
860 3270 871 3289 ,
894 3238 932 3283 ἃς
954 3241 1139 3292 ἐπήνεγκεν

130 3285 187 3324 διὸ
213 3286 250 3324 τὸ
266 3287 372 3338 ὄνομα
397 3295 454 3328 τοῦ
474 3291 590 3342 κυρίου
608 3296 706 3343 ἡμῶν
735 3294 849 3342 Ἰησοῦ
878 3299 1029 3349 Χριστοῦ
1043 3328 1053 3346 ,
1075 3314 1140 3350 μα-

122 3341 198 3384 ζθὼν
223 3345 301 3396 περὶ
325 3347 450 3384 τούτων
483 3352 550 3387 τῶν
583 3351 797 3401 πραγμάτων
833 3357 850 3391 ὃ
879 3355 1058 3407 βασιλεὺς,
1089 3357 1141 3396 ὅτι

1179 1248 1185 1302 1

1014 186 1326 229 AGATHANGE
1333 213 1342 224 .

1221 275 1286 311 des
1302 275 1508 323 honneurs,
1525 285 1573 309 en
1593 273 1718 309 disant
1740 285 1750 311 :
1779 289 1796 306 α
1819 274 1884 311 S'il
1898 287 1947 312 ne
1962 275 2150 315 m'ecoute
2161 291 2230 328 pas
2242 294 2263 332 ‚j

1217 333 1507 382 j'augmenterai
1527 344 1667 368 encore
1684 344 1740 368 ses
1756 333 1988 371 souffrances
2001 343 2038 372 et
2047 335 2087 384 je
2098 337 2135 374 le
2153 342 2265 379 tour*

1220 391 1402 428 menterai
1433 390 1481 427 de
1510 391 1597 427 telle
1620 391 1732 440 facon
1754 392 1846 440 qu'il
1859 405 1907 430 ne
1924 407 2068 442 pourra
2094 397 2181 445 plus
2203 398 2260 434 1-.;-.

1220 457 1437 499 supporter,
1463 465 1479 482 »
1503 450 1604 486 voici
1621 450 1740 498 qu’un
1762 451 1828 487 des
1844 459 2009 502 satrapes
2025 452 2081 504 (1)
2102 467 2142 492 se
2166 457 2265 505 pre*

1222 516 1324 546 senta
1356 509 1493 544 devant
1523 509 1558 545 le
1577 510 1636 545 roi
1663 522 1764 557 pour
1794 511 1850 546 lui
1879 511 2028 549 donner
2054 521 2115 550 cet
2134 514 2266 552 avis‘t

1225 586 1239 601 «
1265 567 1334 604 Cet
1351 569 1503 604 homme
1524 576 1578 603 est
1605 567 1763 617 indigne
1790 569 1838 606 de
1867 571 1997 620 vivre,
2020 571 2110 615 c’est
2134 585 2259 622 pour-

1222 629 1314 677 quoi
1334 629 1360 663 il
1378 640 1426 663 ne
1449 635 1539 664 veut
1558 629 1644 676 plus
1668 629 1804 665 existet·
1821 631 1861 664 ni
1891 631 1978 667 voir
2005 631 2041 668 la
2070 630 2259 681 lumiere}

1221 687 1354 735 depuis
1374 687 1588 735 longtemps
1612 687 1639 723 il
1667 688 1796 724 habite
1811 691 1936 736 parmi
1959 702 2079 740 nous,
2106 699 2144 728 et
2161 704 2230 729 no·
2259 710 2265 724 :1

1218 759 1266 782 ne
1285 747 1319 782 le
1341 747 1597 782 connaissions
1625 748 1752 796 point.
1775 747 1872 784 C’est
1899 749 1934 785 le
1959 748 2017 786 fils
2042 749 2096 786 du
2109 750 2259 800 perfid

1222 807 1340 853 Anag,
1356 805 1422 852 qui
1442 811 1506 841 tua
1520 812 1586 843 ton
1602 805 1695 854 pere
1709 806 1915 852 Chosroes‚
1930 807 2081 845 devasta
2096 809 2238 848 l’Arme
2261 832 2269 843 ιγ

1220 865 1281 899 1118
1301 870 1337 899 et
1359 864 1394 899 13
1413 864 1508 900 livra
1527 877 1575 900 au
1593 865 1735 914 pillage
1760 873 1798 901 et
1812 866 1833 902 3
1858 867 1893 903 13
1922 868 2114 916 83Ρῐίνίῑό.
2136 869 2191 906 Or
2221 869 2259 913 L

1219 922 1277 959 fils
1303 923 1350 958 de
1370 935 1413 958 ce
1439 924 1613 967 criminel
1639 931 1695 960 est
1709 924 1867 974 indigne
1893 926 1940 962 de
1955 927 2074 964 vivre.
2102 943 2118 960 υ
2137 928 2259 979 Apr

1221 988 1301 1017 tant
1336 981 1383 1017 (18
1403 990 1588 1025 turtures,
1611 982 1660 1019 de
1689 984 1944 1030 soussrances,
1967 986 2014 1022 de
2045 984 2191 1034 fleaux,
2209 987 2236 1024 d

1219 1040 1340 1089 gibets
1354 1048 1391 1076 et
1419 1041 1465 1076 de
1486 1041 1668 1078 douleurs
1696 1050 1844 1080 atroces
1857 1044 1950 1092 qu'il
1965 1052 2151 1094 supporta
2167 1057 2213 1083 av
2224 1039 2268 1079 ῥι-

1219 1107 1300 1136 tant
1313 1100 1359 1136 de
1373 1101 1603 1149 resignation
1616 1113 1717 1149 pour
1730 1102 1765 1138 le
1779 1115 1871 1138 nom
1885 1103 1932 1139 de
1944 1104 2212 1154 Notre-Seigne
2240 1107 2242 1109 ’

1218 1160 1470 1196 Jesus-Christ
1483 1187 1492 1204 ,
1514 1161 1550 1196 le
1570 1161 1644 1208 roi,
1667 1169 1784 1208 ayant
1806 1174 1850 1197 su
1875 1161 1988 1199 d'une
2007 1162 2174 1200 maniere
2191 1174 2245 1212 p*

1219 1220 1328 1255 sitive
1349 1219 1441 1267 qu'il
1465 1210 1554 1255 vetail:
1572 1218 1630 1255 fils
1650 1220 1798 1270 d’Anag
1821 1222 1856 1257 le
1883 1222 2038 1268 Par-the,
2057 1223 2238 1260 meurtrie
2264 1260 2266 1263 ,

1221 1278 1269 1314 (18
1289 1291 1359 1314 son
1371 1277 1460 1326 pere
1481 1279 1675 1325 chosroes,
1696 1280 1871 1316 ordonna
1889 1280 2007 1329 qu'on
2019 1282 2055 1318 le
2071 1282 2262 1319 conduisi

1223 1382 1342 1415 avertit
1364 1382 1383 1415 a
1402 1391 1460 1415 son
1477 1385 1554 1416 tour
1571 1383 1735 1424 Tiridate,
1760 1394 1824 1427 que
1841 1385 2089 1427 Gregoire‘etait
2107 1386 2160 1420 fils
2180 1386 2250 1429 (ΓΔ,
2266 1397 2270 1399 ⁴

1218 1439 1280 1472 nag
1284 1455 1345 1462 .....
1376 1443 1392 1458 »
1428 1431 1537 1463 zenob
1561 1430 1603 1464 de
1621 1432 1720 1474 Glag,
1744 1433 1837 1465 Hist.
1871 1432 1914 1466 de
1944 1435 2066 1466 Daron
2099 1436 2199 1478 (pag.
2219 1437 2239 1468 3
2261 1445 2269 1463 ³

1217 1477 1303 1509 dela
1320 1477 1405 1510 trad.
1423 1478 1462 1509 sr.
1477 1479 1500 1519 ),
1514 1477 1572 1511 ,dit
1589 1487 1631 1511 au
1647 1479 1809 1512 contraire
1828 1489 1895 1521 que
1915 1480 2060 1514 Tiridate
2083 1481 2192 1523 apprit
2248 1514 2260 1522 „

1219 1524 1277 1556 fait
1289 1524 1329 1556 de
1342 1525 1374 1556 13
1386 1524 1513 1558 bouche
1528 1538 1544 1553 «
1558 1525 1600 1559 de
1613 1525 1644 1558 13
1661 1535 1749 1559 soeur
1761 1526 1807 1559 du
1821 1527 1995 1569 beau-pere
2006 1528 2048 1561 de
2059 1529 2214 1571 Gregoire
2228 1542 2258 1559 »ιγ

1258 1657 1277 1699 §
1300 1660 1351 1690 51.
1429 1660 1520 1691 Tunc
1534 1659 1637 1701 jussit
1653 1669 1711 1692 rex
1728 1659 1834 1693 tibilia
1854 1660 1960 1693 ferrea
1976 1660 2100 1703 imponi
2124 1671 2157 1704 g
2172 1661 2213 1691 ι’·
2229 1676 2233 1689 ι
2247 1674 2270 1704 2³5

1217 1726 1338 1769 ipsius,
1381 1728 1537 1771 infigique
1569 1739 1690 1763 cuneos
1729 1739 1874 1771 crassos,
1906 1740 2049 1773 eumque
2083 1732 2271 1777 suspendi·

1216 1798 1320 1831 donec
1339 1808 1444 1841 genua
1457 1799 1528 1840 ejus
1546 1801 1779 1834 avellerentur.
1799 1801 1920 1835 Mansit
1934 1803 2047 1835 autem
2062 1803 2169 1836 tribus
2183 1803 2258 1843 (118-

1216 1869 1279 1902 bus
1295 1878 1490 1911 suspensus,
1511 1872 1545 1903 et
1564 1870 1617 1903 die
1638 1871 1737 1904 tertia
1765 1870 1990 1913 deposuerunt
2014 1874 2048 1906 et
2073 1875 2181 1907 statue
2232 1893 2235 1903 ·
2256 1877 2259 1884 '

1215 1950 1326 1974 coram
1343 1952 1418 1984 rege
1426 1967 1434 1974 .

1257 2013 1276 2054 ἕ
1295 2016 1345 2048 53.
1433 2016 1475 2046 Et
1502 2015 1601 2056 jussit
1621 2014 1781 2056 liquefieri
1802 2015 1976 2057 plumbum
2002 2016 2162 2051 inlebete
2189 1995 2263 2052 181·ῐή

1215 2096 1289 2128 180,
1305 2090 1338 2120 et
1352 2088 1459 2121 adhuc
1480 2089 1643 2122 fervidum
1662 2090 1791 2123 effundi
1808 2090 1843 2123 in
1860 2099 1899 2123 os
1914 2092 1948 2124 et
1965 2091 1999 2123 in
2011 2093 2120 2124 totum
2138 2101 2231 2135 0⁰rp
2247 2084 2272 2141 ἦ·

1214 2157 1328 2198 ipsius.
1349 2159 1420 2190 Non
1437 2161 1546 2192 tamen
1563 2162 1614 2192 est
1631 2162 1786 2193 mortuus
1797 2185 1805 2200 ,
1828 2160 1886 2193 sed
1904 2161 1992 2194 vires
2007 2161 2189 2195 etiamnum
2233 2186 2235 2189 -
2260 2178 2261 2181 ¹

1215 2229 1307 2270 bens,
1321 2230 1402 2262 dum
1414 2231 1688 2273 interrogabatur,
1703 2232 1876 2265 confestim
1887 2233 2095 2275 respondit...

1257 2303 1275 2344 ἕ
1297 2307 1349 2336 54,
1370 2306 1414 2336 Et
1433 2304 1512 2337 dum
1539 2305 1717 2338 Teredates
1733 2305 1841 2338 adhuc
1865 2306 2091 2339 meditabatur
2113 2307 2205 2340 molli
2228 2320 2255 2336 a·
2292 2323 2294 2326 ·

1215 2368 1323 2410 ipsum
1336 2370 1478 2411 alloqui,
1495 2371 1592 2412 eique
1610 2371 1766 2404 exhibere
1784 2373 1818 2404 et
1832 2371 2027 2414 promittere
2045 2381 2124 2414 opes
2143 2374 2178 2406 et
2193 2373 2229 2405 h·
2255 2383 2259 2394 ’-

1213 2443 1308 2466 nores
1320 2459 1327 2473 ,
1343 2434 1462 2475 quibus
1482 2435 1652 2476 promissis
1667 2445 1794 2468 morem
1807 2438 1960 2478 gesturus
1980 2445 2045 2468 non
2059 2438 2148 2477 erat,
2169 2437 2255 2483 cogi:

1212 2501 1304 2540 tans,
1328 2502 1356 2533 si
1368 2501 1419 2534 his
1435 2512 1499 2534 non
1514 2503 1661 2543 cederet,
1682 2502 1804 2536 addere
1823 2504 2006 2544 cruciatus,
2025 2506 2059 2537 et
2073 2503 2107 2537 in
2123 2504 2220 2547 longu
2240 2501 2248 2507 ”

1213 2565 1343 2607 tempus
1355 2575 1430 2598 eum
1443 2567 1557 2608 punire
1570 2580 1578 2607 ;
1598 2577 1673 2601 8888
1683 2568 1818 2609 quidam
1836 2577 1874 2601 ex
1885 2568 2024 2611 satrapis
2037 2578 2147 2611 regem
2161 2569 2232 2603 adit
2240 2575 2254 2618 41

1213 2640 1353 2673 eumque
1378 2642 1474 2666 orsus
1496 2635 1618 2675 alloqui
1636 2636 1670 2667 et
1704 2634 1822 2668 docere
1841 2644 1973 2669 omnem
1989 2634 2192 2677 diligentiam
2220 2648 2247 2664 υ»

1211 2698 1300 2732 illius
1319 2701 1434 2741 rebus,
1460 2702 1543 2734 dixit
1568 2714 1575 2733 z
1605 2715 1620 2730 κ
1644 2704 1716 2734 Non
1736 2702 1814 2735 licet
1834 2702 1944 2743 ipsum
1961 2701 2086 2735 vivere.
2119 2703 2195 2735 Hac‘
2216 2714 2254 2730 ¹.-

1213 2774 1312 2799 causa
1338 2777 1402 2800 non
1421 2769 1511 2810 cupit
1534 2770 1642 2803 lucem
1659 2770 1793 2810 videre,
1818 2778 1878 2802 nec
1907 2768 2168 2802 misericordiam
2196 2777 2254 2812 ο,

1211 2830 1326 2863 tinere.
1344 2833 1485 2865 Multum
1502 2834 1630 2867 efssuxit
1647 2834 1822 2875 temporis,
1835 2842 1909 2875 ·quo
1928 2842 2004 2866 eum
2021 2841 2086 2865 non
2103 2841 2207 2875 cogno
2239 2828 2252 2858 ’ἶ

1211 2902 1296 2926 mus.
1316 2897 1358 2928 At
1375 2895 1429 2928 hic
1445 2899 1494 2929 est.
1518 2897 1604 2930 filius
1622 2897 1724 2930 Anaci
1737 2897 1860 2938 judicio
1873 2896 2040 2936 damnati,
2055 2896 2113 2938 qui
2127 2895 2212 2928 0881

1211 2964 1336 3003 patrem
1352 2964 1447 2996 tuum
1461 2966 1673 3005 Cusaronem,
1691 2966 1724 2998 et
1735 2965 1887 2998 tenebras
1897 2964 2027 2997 induxit
2037 2964 2071 2996 in
2082 2964 2196 3007 region
2204 2976 2238 2993 aa·
2283 2983 2287 3003 3

1211 3028 1391 3068 Armeniae‚
1412 3031 1445 3062 et
1471 3030 1556 3063 hane
1572 3032 1695 3063 terram
1714 3030 1757 3063 ad
1772 3029 1946 3063 interitum
1964 3029 2119 3071 perduxit
2146 3030 2180 3062 et
2212 3026 2252 3057 ὤὲ

1211 3090 1445 3131 captivitatem.
1464 3094 1557 3126 Nunc
1575 3103 1651 3136 ergo
1671 3103 1736 3126 non
1755 3095 1885 3135 oportet
1903 3101 1980 3125 eum
2004 3092 2116 3125 vivere
2145 3106 2154 3124 ι
2201 3104 2205 3117 ³
2224 3103 2248 3119 ιν
2278 3119 2282 3129 ,,

1214 3153 1302 3188 filius
1323 3156 1456 3190 ultionis
1468 3161 1531 3191 est.
1548 3172 1564 3187 »
1580 3161 1621 3192 Et
1635 3162 1710 3201 post
1727 3161 1779 3192 tot
1794 3159 2040 3201 inquisitiones,
2060 3157 2230 3194 cruciatus,
2241 3208 2243 3210 ι
2292 3167 2294 3210 j

1210 3222 1336 3264 plagaS,
1357 3234 1521 3267 carceres,
1544 3229 1708 3261 tormenta
1729 3230 1762 3261 et
1782 3228 2030 3269 suspensiones,
2051 3225 2174 3267 quibus
2247 3231 2255 3262 5'

2279 3233 2294 3280 'T

1211 3302 1283 3325 sum
1308 3293 1495 3327 afflixerunt
1507 3321 1515 3336 ,
1533 3297 1566 3328 et
1585 3305 1659 3336 quae
1678 3305 1795 3338 passus
1819 3297 1871 3328 est
1897 3295 2031 3337 propter
2047 3301 2167 3326 nomen

141 3397 166 3407 ss
1211 3360 1291 3393 mini
1304 3361 1409 3393 nostri
1429 3363 1511 3394 Jesu
1533 3363 1677 3402 Christi3
1699 3363 1884 3404 intelligens
1908 3362 1950 3394 de
1972 3360 2025 3392 his
2050 3360 2151 3392 rebus
2167 3366 2294 3412 181,Ἰ

126 3405 264 3447 ἀΛηθῶς
285 3404 354 3448 υἱός
382 3408 470 3443 ἐστιν
489 3411 549 3445 τοῦ
566 3408 708 3461 Πάρθου
733 3410 859 3461 Ἄνακ,
879 3417 946 3452 ’τοῦ
979 3416 1138 3454 ἀποκτεῖ·
1211 3428 1301 3469 quod
1313 3438 1427 3462 revera
1446 3430 1533 3463 filius
1549 3433 1637 3464 esset
1655 3432 1758 3464 Anaci
1772 3431 1901 3471 Parthi,
1919 3429 1977 3471 qui
1999 3431 2126 3471 patrem
2141 3419 2294 3478 ipsiuffss
