2294 3620
74 203 301 258 χιὸασιλέως
321 205 545 258 Ἀρταὸάνου.
577 208 791 259 Αἷσθόμενος
811 208 847 248 δὲ
865 209 1080 263 Ἀρταὸάνης

86 279 103 308 ς
119 263 200 302 κατ’
219 266 324 304 αὐτοῦ
340 268 564 319 παρασκευῆς
585 267 757 313 ὡπλίζετο
781 268 842 307 καὶ
862 269 966 314 αὐτὸς
986 269 1078 321 μετὰ

78 322 209 376 ἀρθων,
222 322 314 376 ἔχων
324 324 385 363 καὶ
401 325 464 363 οὐκ
475 325 610 375 ὀλίγους
622 326 776 379 Πέρσας,
798 326 848 378 μὴ
867 343 1077 378 κεκοινωνη-

102 396 143 426 ας
159 384 203 434 τῇ
222 384 292 420 τῶν
316 382 503 434 ὁμοφύλων
525 385 649 436 βουλῇ.
680 385 812 438 Πρώτῃ
845 386 881 425 δὲ
901 387 1081 440 προσὸολῇ

35 449 53 483 j
72 439 301 489 λεμήσαντες
313 439 400 492 πρὸς
416 440 589 488 ἀλλήλους
606 443 765 493 (aliquid
777 445 909 496 deest).
927 445 1082 497 Πέρσαις

93 497 154 536 καὶ
177 496 329 550 Πάρθοις
345 498 379 544 ἐξ
397 499 563 552 ἑκατέρου
586 500 712 553 μέρους
732 502 935 542 πλεῖστοι”
917 519 1078 545 επιπτον.

28 553 353 608 ’πικρατέστερος
372 557 444 595 δὲ’
429 557 562 608 εγίνετο
582 558 808 612 Ἀρτασιρᾶς,
828 560 1003 600 πλείστων
1020 562 1080 601 καὶ

24 611 162 668 ᾖτέρων
181 614 422 667 χωρισθέντων
435 615 498 665 μὲν
518 616 745 669 Αρταὸάνου,
763 634 892 671 προστε
879 619 1023 659 εθέντων
1043 620 1080 659 δὲ

24 666 245 727 ᾖρτασιρᾷ.
262 672 326 713 Ἐν
347 674 492 727 δευτέρᾳ
507 673 544 713 δὲ
560 676 752 728 παρατάξει
769 677 986 730 ὁρμήσαντες
1000 681 1082 718 κατ’

23 719 198 801 -ᾙλλήλων
233 732 416 776 πλείστους
446 733 632 781 ἀνήλισκον
664 738 703 774 ἐκ
733 738 803 775 τῶν
839 738 1005 791 Πάρθων,
1033 740 1081 783 εἷς

24 814 53 841 3-
33 776 146 841 ῳγὴν
161 789 197 829 δὲ
210 790 296 843 πρὸς
316 791 432 845 βραχυ
450 793 643 845 ε’τρέπετοὸ
665 788 826 848 βασιλευς
845 796 1080 858 Ἀρταὸάνης,

19 848 38 906 :⁵
62 849 140 889 άλιν
154 849 191 888 δὲ
209 852 256 895 εἷς
274 851 428 902 πόλεμον
443 852 629 905 εὔτρεπτος
645 854 831 905 γινόμενος.
852 851 924 894 Δύο
943 859 1001 895 οὖν
1018 857 1079 895 καὶ

19 906 119 957 ,δέκα
154 925 267 959 μηνας
298 909 580 962 παροχησάντων
611 912 698 964 πρὸς
718 913 914 962 ἀλλήλους,
943 917 993 961 πῆ
1015 915 1057 966 μὲ
1043 931 1078 953 εν

17 969 48 1000 ³
66 968 295 1020 λεμούντων,
317 972 367 1016 πῆ
402 969 436 1007 δὲ
465 971 758 1024 ἀναπαυομένων,
792 975 839 1016 εἷς
870 972 1011 1025 ὕστερον
1041 973 1077 1013 δὲ

18 1020 130 1096 ἑ--υθις
149 1027 234 1079 πρὸς
258 1027 375 1080 μάχην
402 1028 531 1074 ἰδόντες
555 1030 711 1083 ἔφθασαν
734 1034 782 1076 εἰς
798 1032 838 1071 τὸ
859 1032 989 1084 χωρίον
1016 1036 1078 1080 τ’ῆς

19 1085 274 1138 παρατάξεως,
289 1086 445 1140 καίφησι
458 1089 547 1142 πρὸς
562 1089 620 1128 τὸν
637 1090 785 1141 βασιλέα
799 1090 1030 1143 Ἀρταὸάνην.
1065 1121 1074 1130 .

18 1243 25 1252 ;
86 1203 110 1253 S
135 1217 173 1253 9.
278 1204 518 1257 ὁμολογήσας,
534 1205 609 1255 ἅμα
627 1207 717 1258 αὐτῇ
737 1206 941 1246 ἔὸασίλευσε
952 1210 1021 1246 τῶν
1039 1222 1076 1246 τε

0 1262 321 1317 ῑῗζπεριλειφθέντων
344 1264 511 1317 Πάρθων,
529 1266 679 1317 Περσῶν
699 1282 738 1304 τε
772 1265 832 1304 καὶ
865 1266 1069 1318 Ἀσσυρίων,

29 1319 146 1361 πάντα
163 1320 327 1372 πράττων
350 1324 531 1370 ἐπιεικῶς,
555 1322 697 1376 εὐνομίᾳ
720 1322 858 1377 χαίρων
882 1323 943 1362 καὶ
972 1325 1071 1362 πολι-

23 1377 106 1432 {veto}
131 1380 348 1432 δικαιοτάτῃ.

82 1435 261 1478 Ἔσπευδε
276 1439 344 1491 γὰρ
361 1439 522 1484 ἐπαίνους
541 1440 759 1492 κομίζεσθαι,
776 1435 831 1479 οἷα
849 1441 883 1486 ἐξ
897 1442 1071 1489 ἀδοκήτου

20 1498 178 1551 ,Περσῶν
212 1498 392 1551 βασιλείας
421 1499 559 1543 ἐπιὸάς.
589 1500 647 1539 Τὰ
679 1499 715 1538 δὲ
742 1499 926 1550 συμὸάντα
963 1505 1072 1539 ταῦτα

16 1555 274 1612 βπηγγέλλετο
286 1556 358 1601 Χὸς
374 1557 557 1611 (Χοσρόῳ)
574 1558 761 1611 Ἀρσακίδῃ
776 1559 995 1611 βασιλεύοντι
1010 1563 1072 1606 τῆς

26 1611 185 1669 ἷμεγάλης
209 1615 409 1668 Ἀρμενίας,
437 1619 483 1660 ὣς
511 1620 573 1654 τοῦ
594 1617 717 1661 παιδὸς
744 1617 905 1657 Σασάνου
933 1619 1066 1670 Ἀρτα-

27 1679 111 1726 σιρᾶ
123 1674 363 1726 κρατήσαντος
377 1677 439 1722 τῆς
450 1677 597 1729 Περσῶν
621 1675 818 1728 βασιλείας,
833 1676 1069 1720 ἀπολέσαντος

29 1731 66 1772 δὲ
86 1732 306 1787 Ἀρταὸάνην
329 1734 387 1772 τὸν
410 1736 516 1772 αὐτοῦ
533 1732 695 1787 ἀδελφόν.
715 1733 916 1786 Προσετέθη
938 1734 974 1773 δὲ
995 1739 1065 1776 τοῖς

30 1793 371 1846 ἀπαγγελλομένοις,
387 1795 438 1831 ὅτι
454 1793 515 1831 καὶ
531 1791 668 1846 Πάρθοι
687 1793 850 1846 χαίρουσι
874 1794 1007 1844 μᾶλλον
1023 1796 1067 1845 τῇ

68 1899 262 1942 (1)D’apres
278 1909 316 1933 ce
338 1900 395 1941 qui
413 1901 464 1932 est
480 1900 556 1932 notc'¹
573 1901 653 1932 dans
666 1900 696 1932 le
710 1909 774 1932 ms.
790 1900 871 1931 dont
892 1899 970 1932 s'est
985 1898 1072 1931 servi

31 1947 180 1989 Stilting,
200 1948 224 1979 il
246 1957 266 1988 y
283 1946 393 1980 aurait'
414 1947 456 1979 ici
482 1957 545 1980 une
563 1947 679 1979 lacune
700 1946 781 1979 dans
799 1947 830 1979 16
851 1948 963 1985 texte3
983 1945 1072 1978 aussi

26 1994 179 2028 l’editeur
197 1995 281 2027 a·t-il
302 2004 360 2027 cru
385 1994 498 2027 devoir
518 1995 647 2036 ajouter
665 2004 706 2027 en
726 1996 779 2027 cet
791 1990 918 2026 endroit
946 1994 976 2026 le
994 2002 1071 2035 pas-

27 2050 104 2085 sage
127 2043 262 2075 suivant
280 2042 410 2084 d'apres
428 2042 650 2083 Metaplnaste
666 2054 674 2074 ε

71 2103 87 2119 (ι
104 2091 189 2126 Cum
201 2091 370 2131 postremo
397 2090 571 2130 utriusque
597 2089 700 2132 partis
718 2089 805 2122 acies
820 2097 921 2130 prope
938 2089 1049 2120 essent
1060 2113 1069 2128 ‚

18 2137 118 2175 ,aiunt
130 2137 308 2170 Artasiram
322 2136 446 2170 dixisse
458 2137 613 2169 Artabani
631 2137 718 2178 regi,
738 2146 779 2169 ne
795 2138 919 2169 temere
935 2136 1069 2175 faceret,

23 2185 62 2219 et
89 2185 245 2227 perderet
266 2193 386 2226 genera
415 2186 589 2217 Persarum
620 2185 653 2217 et
673 2184 871 2217 Parthorum
899 2195 906 2215 :
935 2192 1071 2224 regnum

28 2232 116 2266 enim
134 2232 219 2264 nolle
235 2232 389 2274 deinceps
402 2240 535 2264 manere
552 2231 640 2273 apud
654 2231 854 2264 Artabanem
865 2257 873 2271 ‚
897 2230 956 2263 sed
969 2232 1071 2262 trans-

25 2277 75 2313 ire
104 2279 147 2312 ad
178 2279 370 2312 Artasiram.
397 2281 447 2311 Tu
487 2280 623 2318 autem,-
641 2278 769 2320 inquit,
799 2278 827 2311 si
855 2287 908 2310 me
935 2277 1069 2318 audias,

25 2325 120 2359 vives
137 2326 219 2359 citra
236 2327 337 2359 ullam
356 2326 554 2359 molestiam.
577 2327 668 2358 Dabo
686 2326 774 2359 enim
801 2325 865 2358 tibi
887 2325 1069 2367 regionem,

27 2381 103 2415 quae
128 2374 255 2415 affatim
291 2373 512 2415 suppeditabit
535 2373 643 2406 omnia
680 2382 755 2414 quae
782 2372 823 2405 ad
844 2381 941 2405 usum
968 2371 1070 2413 perti-

0 2455 1 2463 ,
25 2422 114 2453 nent.
135 2422 272 2462 Oportet
285 2422 397 2453 autem
410 2430 475 2452 non
490 2420 570 2460 alio,
591 2430 692 2462 quam
710 2422 743 2453 te
760 2420 831 2461 ipso
848 2419 897 2451 uti
913 2418 1071 2460 magistro

0 2467 2 2472 “
25 2467 115 2509 qius,
145 2468 231 2509 quod
260 2469 309 2500 est
333 2468 436 2504 utile,
454 2469 486 2500 et
505 2467 691 2500 meminisse
712 2467 878 2508 responsi,
900 2466 991 2507 quod
1017 2466 1071 2498 ali-

26 2514 158 2556 quando
176 2515 297 2557 reginae
319 2514 433 2546 dixisti
459 2515 492 2546 in
510 2515 733 2547 tabernaculo.
755 2514 820 2546 Sed
844 2514 917 2545 haec
937 2513 1070 2553 quidem

26 2562 199 2594 Artasiras.
219 2562 405 2594 Artabanus
421 2563 531 2594 autem
549 2562 640 2602 prius
649 2561 833 2603 adspiciens
852 2560 894 2592 ad
909 2559 1071 2601 quosdam

27 2617 106 2642 suos
130 2609 304 2642 familiares
325 2621 333 2641 z
357 2611 464 2646 Quam
483 2609 590 2650 gravis
609 2617 662 2640 res
690 2610 757 2647 est,
779 2607 902 2648 inquit,
927 2608 1068 2639 semina!

27 2663 120 2688 amor
134 2656 274 2698 conjugii
297 2656 409 2697 potius
433 2655 572 2696 laeserit,
606 2665 706 2696 quam
724 2655 858 2697 juverit.
885 2655 966 2686 Haec
995 2663 1071 2686 cum

27 2702 185 2743 dixisset,
197 2704 292 2745 jubet
319 2704 459 2736 transire
484 2702 650 2744 quendam
668 2712 710 2735 ex
730 2701 942 2740 satellitibus,
965 2702 998 2732 et
1017 2700 1067 2732 in-

27 2750 177 2786 terficere
205 2750 361 2792 reginam.
394 2750 608 2782 Existimabat
645 2749 749 2788 enim,
781 2757 855 2781 eam
885 2746 1070 2789 prodidisse

26 2799 200 2834 secretum.
232 2799 421 2830 Conversus
448 2798 560 2829 autem
589 2797 630 2829 ad
643 2796 842 2834 Artasiram,
872 2794 1064 2835 respondit,

27 2851 100 2878 esse
114 2845 176 2877 sibi
188 2845 282 2886 longe
300 2844 479 2886 optabilius
493 2844 595 2884 mori,
614 2853 713 2884 quam
730 2842 901 2880 Artasirae,
925 2842 980 2882 qui
999 2842 1070 2873 erat

0 2909 2 2911 >
26 2899 154 2931 servus,
170 2901 270 2933 regno
287 2892 415 2924 cedere.
438 2893 519 2929 Quae
533 2891 632 2923 simul
652 2892 752 2931 atque
771 2889 910 2922 dixisset
922 2914 930 2927 ‚
958 2888 1079 2934 insane·

0 2938 2 2940 ’
23 2938 285 2979 ·et·bacchan1is
311 2947 403 2971 more
430 2938 527 2970 irruit
554 2938 587 2970 in
608 2939 744 2978 Persas3
767 2938 801 2970 et
817 2946 858 2969 ex
870 2936 918 2968 eis
936 2934 1069 2976 quidem

0 2989 2 2992 ’
29 2986 152 3018 multos
179 2986 323 3026 sauciat,
339 2986 451 3027 plures
468 2987 577 3017 autem
594 2984 730 3023 occidit3
748 2984 859 3025 dirigit
873 2991 953 3015 vero
971 2982 1069 3014 etiam

29 3030 157 3066 hastam
183 3033 342 3065 adversus
363 3032 556 3064 Artasiram.
588 3032 646 3064 Ille
670 3033 780 3064 autem
801 3030 964 3073 (habebat
982 3029 1069 3061 enim

29 3086 147 3113 manus
162 3079 337 3122 sagittandi
349 3079 488 3121 peritas,
505 3080 538 3111 et
550 3088 625 3120 quae
641 3079 747 3111 bacin
760 3087 796 3110 re
813 3086 941 3119 semper
951 3085 1068 3118 magna

30 3134 107 3159 cum
123 3126 220 3159 laude
238 3126 482 3165 versabantur)
509 3126 622 3167 sugam
655 3126 787 3166 quidem
815 3125 959 3157 simulat.
980 3125 1068 3154 Dum

31 3181 108 3207 eum
135 3176 247 3207 autem
281 3174 489 3215 persequitur
517 3173 715 3212 Artabanes‚
742 3171 889 3204 immittit
916 3170 1019 3203 telum
1035 3169 1068 3200 in

30 3222 145 3262 pectus
162 3223 295 3263 propter
312 3221 492 3252 mamillam
508 3221 595 3262 ejus,
611 3219 669 3261 qui
686 3218 952 3261 persequebatur.
971 3216 1068 3254 Quod

138 3433 203 3457 mn
215 3425 305 3457 'Aius
326 3433 452 3457 CATlNA.

663 119 897 161 HISTOIRE
925 121 997 162 DU
1013 113 1194 163 REGNE
1225 123 1292 163 DE
1321 125 1575 168 TIRIDATE.

2106 143 2186 182 113

1158 217 1339 260 intelligens
1367 228 1458 253 arma
1479 222 1586 263 parari
1603 225 1716 257 contra
1737 234 1791 267 se,
1812 228 1960 262 similiter
1987 241 2021 264 se
2056 235 2191 275 parabat

1157 295 1233 343 cum
1243 288 1393 329 Parthis,
1412 289 1536 323 habens
1552 293 1586 323 et
1604 293 1721 325 Persas
1739 303 1804 326 non
1825 305 1946 337 paucos
1959 324 1967 338 ‚
1996 301 2053 341 qui
2079 307 2191 345 grega-

1155 356 1239 390 lium
1254 366 1389 391 suorum
1413 359 1664 401 conspirationis
1679 372 1744 395 non
1764 366 1856 396 erant
1875 367 2059 408 participes.
2081 371 2190 405 Primo

1156 428 1267 461 autem
1279 427 1402 471 impetu
1415 438 1456 462 ex
1469 429 1550 470 illis,
1567 431 1625 472 qui
1638 432 1777 465 invicem
1795 434 1880 467 bello
1897 435 2107 479 impetebant,
2121 442 2190 474 tam

1154 499 1264 532 Persis
1275 508 1375 541 quam
1387 501 1518 534 Parthis
1528 526 1536 542 ‚
1547 502 1680 544 plurimi
1696 504 1857 538 cadebant
1873 515 1915 538 ex
1927 508 2070 548 utraque
2083 511 2188 551 parte.

1155 571 1198 602 At
1218 571 1384 612 potentior
1406 572 1507 606 fiebat
1536 574 1718 617 Artasiras,
1746 576 1834 617 quod
1852 576 1907 609 alii
1936 577 2069 619 plurimi
2095 581 2189 613 Arta-

1155 640 1276 694 banern
1285 640 1492 689 desererent,
1512 644 1545 676 et
1562 644 1719 677 Artasirae
1745 654 1780 678 se
1802 646 2025 688 adjungerent.
2047 648 2190 689 Deinde,

1157 718 1233 742 cum
1249 711 1394 744 secundo
1418 711 1573 746 conflictu
1594 713 1736 747 invicem
1752 714 1967 756 impeterent,
1986 717 2120 758 plurimi
2142 727 2192 752 ce-

1154 780 1303 814 ciderunt
1320 791 1361 814 ex
1374 782 1519 823 Parthis,
1533 783 1567 815 et
1582 792 1642 816 rex
1657 784 1836 817 Artabanes
1847 785 2019 818 confestim
2038 787 2071 819 in
2085 787 2192 830 fugam

1153 859 1270 883 versus
1297 852 1366 891 est,
1386 861 1504 884 rursus
1533 852 1645 885 tamen
1671 860 1787 895 postea
1815 854 1855 886 ad
1886 854 2007 887 bellum
2026 864 2190 892 reversus.

1154 921 1236 952 Cum
1253 920 1353 962 igitur
1366 920 1540 953 duodecim
1559 922 1730 954 mensibus
1741 922 1882 955 invicem
1901 923 2191 966 congrederentur,

1151 991 1271 1031 partim
1287 990 1444 1023 bellantes
1454 1017 1462 1032 ,
1479 991 1601 1033 partim
1617 991 1824 1033 quiescentes
1835 1018 1844 1033 ,
1862 992 1998 1026 demum
2015 994 2135 1027 iterum
2151 995 2193 1028 ad

1151 1070 1293 1103 pugnam
1306 1061 1534 1101 intenderunt,
1552 1062 1630 1094 etin
1645 1062 1756 1095 locum
1769 1062 1941 1096 conflictus
1953 1067 2186 1108 pervenerunt,

1151 1132 1185 1164 et
1200 1131 1278 1163 dicit
1296 1131 1338 1163 ad
1354 1140 1462 1173 regem
1483 1132 1681 1164 Artabanem
1704 1131 1750 1174 (1)
1770 1146 1778 1164 z
1802 1158 1808 1165 .
1840 1158 1848 1165 .
1907 1157 1915 1165 .
1944 1159 1951 1166 .
1973 1158 1980 1165 .
2009 1158 2017 1166 .
2076 1160 2083 1167 .
2111 1160 2118 1167 .
2146 1161 2154 1168 .
2181 1161 2188 1168 .

1192 1214 1211 1256 ὃ
1227 1218 1257 1247 9.
1358 1214 1528 1246 consessus
1540 1238 1549 1253 ,
1570 1222 1646 1245 cum
1668 1213 1739 1255 ipsa
1755 1214 1965 1256 [Artaducta]
1983 1217 2132 1258 regnavit
2151 1216 2187 1249 in

1150 1273 1292 1319 reliquos
1319 1273 1480 1312 Parthos,
1502 1274 1683 1313 Persasque
1700 1274 1734 1305 et
1757 1261 1925 1315 Assyrios,
1940 1274 2050 1307 omnia
2069 1275 2190 1310 faciens

1150 1330 1319 1363 moderate
1331 1356 1339 1371 ‚
1372 1329 1528 1372 aequitate
1566 1330 1711 1371 gaudens
1741 1333 1774 1363 et
1804 1332 2039 1373 gubernatione
2067 1334 2182 1376 justis-

1150 1390 1233 1422 sima
1251 1389 1308 1431 (2).

1188 1448 1347 1480 studebat
1365 1448 1452 1480 enim
1478 1448 1593 1481 laudes
1615 1450 1786 1490 consequi,
1814 1451 1853 1483 ut
1872 1451 1988 1492 quiex
2007 1451 2187 1494 improviso

1147 1509 1320 1540 Persarum
1332 1516 1468 1548 regnum
1487 1508 1558 1539 erat
1577 1507 1728 1549 adeptus.
1747 1510 1828 1541 Haec
1847 1518 1965 1551 porro,
1980 1519 2056 1552 quae
2078 1512 2184 1545 eonti-

1146 1567 1280 1607 gerant,
1305 1564 1499 1597 annuntiata
1519 1566 1596 1598 sunt
1615 1566 1776 1598 Cusaroni
1795 1568 1977 1611 (Chosroi)
1997 1570 2181 1612 Arsacidae,

1146 1624 1294 1666 regnanti
1314 1624 1348 1655 in
1365 1633 1483 1666 magna
1500 1624 1665 1665 Armenia,
1680 1625 1835 1659 videlicet
1854 1627 1944 1668 quod
1960 1628 2047 1661 filius
2061 1630 2183 1671 Sasani,

1145 1685 1310 1717 Artasiras
1320 1710 1327 1723 ,
1346 1684 1574 1726 praevaluisset
1593 1684 1627 1717 in
1639 1695 1739 1728 regno
1752 1687 1926 1720 Persarum
1939 1691 1972 1721 et
1989 1689 2186 1731 perdidisset

1145 1744 1342 1776 Artabanem
1356 1744 1488 1776 fratrem
1503 1753 1609 1776 suum.
1627 1745 1801 1786 AdJectum
1816 1748 1888 1779 erat
1899 1747 2069 1789 nuntiatis,
2085 1749 2186 1782 etiam

1145 1801 1286 1834 Parthos
1305 1801 1409 1843 magis
1422 1801 1564 1843 gaudere
1577 1811 1677 1844 regno
1697 1804 1852 1836 Artasirae
1864 1829 1872 1844 ‚
1892 1814 1992 1846 quam
2004 1805 2109 1847 illius,
2129 1809 2186 1849 qui

1144 1907 1221 1930 cum
1239 1897 1282 1929 ob
1312 1896 1397 1929 vires
1427 1897 1498 1939 ejus
1512 1923 1520 1938 ‚
1542 1898 1599 1938 qui
1617 1898 1722 1931 fuerat
1745 1899 1927 1940 Jaculatus‚
1950 1901 2105 1934 sustineri
2122 1911 2186 1934 non

1144 1944 1324 1986 potuisset,
1338 1945 1461 1986 rumpit
1474 1945 1630 1978 Artabani
1643 1946 1830 1985 thoracem3
1846 1948 1880 1979 et
1899 1947 2038 1987 trajecto
2053 1951 2186 1990 pectore

1145 1991 1266 2024 excidit
1279 2000 1297 2023 e
1315 1991 1413 2024 dorso
1426 2017 1434 2031 ‚
1449 1994 1483 2024 et
1506 1994 1611 2025 morte
1630 1993 1742 2025 statim
1761 1993 1863 2026 afficit
1878 1995 2086 2028 Artabanem.
2109 1998 2186 2028 Mox

1144 2041 1256 2071 autem
1268 2039 1497 2071 convenientes
1509 2039 1596 2071 inter
1615 2049 1650 2072 se
1664 2040 1778 2072 Parthi
1793 2042 1826 2073 et
1843 2042 1953 2074 Persae
1966 2068 1974 2083 ,
2001 2052 2111 2083 regem
2128 2052 2181 2076 re-

1144 2086 1297 2118 nuntiant
1314 2086 1495 2118 Artasiram
1509 2111 1516 2125 ‚
1533 2087 1591 2127 qui
1613 2087 1823 2128 ostendebat,
1844 2097 1878 2120 se
1895 2098 2044 2131 magnam
2065 2099 2183 2122 eorum

1145 2142 1257 2174 gerere
1274 2141 1386 2164 curam
1397 2158 1405 2172 ,
1423 2135 1457 2164 et
1470 2142 1533 2164 non
1554 2142 1688 2174 parvam
1705 2143 1777 2167 esse
1798 2144 1891 2167 suam
1904 2136 1938 2167 in
1957 2145 2013 2168 eos
2027 2137 2178 2169 humani-

1144 2181 1258 2212 tatem.
1278 2181 1320 2212 Et
1335 2179 1389 2212 ille
1410 2180 1544 2220 quidem
1561 2189 1638 2212 cum
1662 2181 1710 2213 sio
1726 2190 1760 2214 se
1788 2182 1942 2223 haberet,
1964 2184 2182 2216 Artaductam

1145 2226 1236 2259 ducit
1258 2235 1392 2258 uxorem
1406 2252 1413 2266 ,
1440 2236 1540 2267 quam
1557 2227 1672 2260 datum
1695 2228 1927 2270 jusjurandum
1953 2231 1984 2262 ei
2008 2230 2098 2271 prius
2123 2230 2181 2263 de·

1145 2274 1340 2315 sponderat,
1375 2275 1407 2305 et
1439 2282 1511 2305 eam
1535 2274 1626 2315 eligit
1656 2275 1812 2315 reginam.
1833 2289 1849 2304 υ
1871 2294 1913 2299 -
1939 2277 2023 2308 Dion
2049 2278 2183 2310 Cassius

1144 2324 1279 2354 raconte
1297 2321 1375 2362 (liv.
1401 2322 1527 2361 LXXX,
1550 2321 1582 2362 3)
1605 2330 1668 2362 que
1684 2322 1733 2354 les
1750 2324 1887 2355 Parthes
1908 2324 2018 2356 furent
2045 2324 2182 2357 vaiucus

1144 2369 1226 2401 dans
1253 2368 1335 2400 trois
1363 2368 1512 2400 combats
1532 2377 1591 2408 par
1620 2370 1829 2402 Artaxerxes.
1849 2372 1951 2403 Moise
1971 2371 2011 2403 de
2030 2372 2180 2404 Khorene

1145 2416 1215 2458 (liv.
1232 2417 1276 2448 ΙΙ.
1303 2415 1355 2447 ch.
1383 2418 1437 2454 69)
1467 2414 1516 2447 dit
1531 2415 1572 2447 de
1596 2424 1655 2447 son
1673 2416 1746 2448 cote
1770 2426 1833 2457 que
1857 2430 1871 2444 α
1901 2417 2058 2450 l'histoire
2080 2418 2122 2451 de
2142 2428 2181 2452 ce

1147 2476 1162 2491 «
1179 2465 1288 2504 temps
1302 2471 1321 2494 a
1337 2462 1389 2494 ete
1415 2462 1515 2494 ecrite
1531 2471 1589 2503 par
1600 2472 1644 2494 un
1657 2463 1757 2504 grand
1771 2464 1907 2496 nombre
1923 2465 2092 2500 d'auteurs
2105 2475 2181 2507 per-

1146 2523 1161 2538 n
1182 2519 1252 2549 ses,
1273 2509 1399 2550 syriens
1412 2510 1446 2541 et
1464 2510 1571 2541 meme
1590 2518 1693 2550 grecs.
1714 2510 1837 2551 Depuis
1854 2511 1885 2543 le
1902 2514 2182 2546 commencement

1146 2570 1161 2585 «
1180 2557 1221 2589 de
1239 2557 1312 2589 leur
1332 2556 1454 2598 empire
1464 2556 1595 2598 jusqu’a
1615 2565 1650 2588 sa
1669 2557 1790 2596 chuta,
1807 2567 1849 2590 on
1865 2558 1935 2590 voit
1950 2569 2014 2600 que
2031 2560 2080 2592 les
2099 2561 2178 2592 Par-

1146 2617 1162 2633 «
1178 2605 1254 2636 thes
1273 2606 1329 2636 ont
1341 2629 1345 2634 .
1356 2613 1398 2636 eu
1414 2603 1472 2635 des
1497 2605 1647 2645 rapports
1664 2613 1742 2636 avec
1760 2604 1808 2637 les
1820 2605 1974 2638 Romains
1986 2631 1994 2646 ,
2009 2608 2116 2640 tantot
2139 2616 2180 2640 en

1145 2664 1161 2679 «
1182 2652 1250 2684 etat
1266 2650 1486 2683 d’obeissance
1498 2676 1506 2690 ‚
1520 2652 1628 2682 tantot
1649 2660 1690 2683 en
1703 2651 1771 2683 etat
1789 2651 1830 2684 de
1846 2661 1962 2693 guerre
1974 2678 1983 2692 ,
1999 2662 2125 2687 comme
2147 2654 2179 2687 le

1145 2711 1161 2726 «
1181 2699 1370 2739 rapportent
1389 2698 1602 2739 Palephatus‚
1620 2698 1786 2739 Porphyre
1798 2723 1806 2737 ,
1827 2700 1997 2732 Philemon
2016 2702 2050 2733 et
2074 2700 2179 2734 beau-

1144 2758 1160 2773 «
1184 2754 1270 2786 coup
1297 2745 1441 2777 d'autres
1458 2745 1628 2777 ecrivains.
1651 2758 1667 2773 »
1685 2747 1788 2778 Moise
1803 2755 1844 2778 ne
1859 2746 1938 2780 s'est
1959 2757 2018 2788 pas
2033 2748 2120 2781 servi
2138 2748 2179 2781 de

1143 2801 1198 2824 ces
1223 2791 1411 2824 disserentes
1428 2800 1581 2831 sources3
1599 2791 1658 2824 ila
1689 2792 1870 2826 seulement
1884 2794 1978 2835 puise
2005 2804 2058 2827 ses
2080 2796 2179 2829 recits

1142 2839 1224 2871 dans
1239 2839 1269 2871 le
1281 2839 1363 2871 livre
1385 2840 1426 2871 de
1444 2838 1669 2880 Khorohpoud
1680 2864 1688 2879 ‚
1704 2839 1863 2872 historien
1877 2850 1987 2884 perse,
2007 2843 2179 2876 secretaire

1142 2887 1183 2920 de
1199 2889 1309 2929 Sapor,
1331 2887 1387 2928 qui
1403 2887 1455 2919 fut
1469 2886 1529 2919 fait
1547 2886 1729 2928 prisonnier
1749 2896 1808 2928 par
1825 2889 1936 2921 Julien
1951 2889 2108 2931 l'Apostat
2119 2915 2127 2930 ,
2144 2892 2178 2923 et

1142 2935 1199 2975 qui
1215 2935 1302 2967 avait
1319 2934 1445 2967 traduit
1461 2933 1620 2967 l'histoire
1642 2934 1683 2966 de
1709 2943 1769 2966 son
1787 2943 1989 2977 compagnon
2008 2937 2050 2968 de
2071 2936 2176 2978 eapti-

1141 2981 1209 3012 vite
1237 2982 1412 3020 Barsoma,
1434 2980 1547 3021 appele
1568 2989 1628 3021 par
1653 2980 1702 3013 les
1718 2982 1834 3013 Perses
1860 2981 2075 3014 Rasdsohoun
2102 2982 2174 3024 (Cf.

1141 3029 1243 3060 Moise
1265 3027 1305 3060 de
1324 3027 1492 3066 Khorene,
1512 3027 1570 3059 liv.
1583 3029 1625 3067 II,
1643 3027 1695 3059 ch.
1717 3027 1783 3068 70).

1184 3074 1230 3116 (2)
1257 3073 1464 3115 Rapprochez
1485 3083 1521 3106 ce
1549 3083 1684 3116 passage
1710 3075 1751 3108 de
1779 3085 1817 3108 ce
1838 3084 1902 3117 que
1926 3075 1976 3108 dit
1998 3075 2176 3116 Eutychius

1141 3120 1295 3162 (mmuh,
1314 3129 1386 3162 pag.
1418 3120 1500 3162 375)
1526 3135 1534 3152 ι
1557 3134 1571 3148 «

1141 3168 1227 3201 inter
1246 3168 1396 3201 homines
1410 3169 1562 3201 versatus
1575 3170 1636 3201 est.
1652 3181 1668 3197 »

1593 3123 1722 3159 Quanta
1740 3122 1809 3155 fieri
1831 3122 1936 3163 potuit
1957 3131 2033 3154 cum
2048 3121 2176 3163 justitia
2236 3123 2239 3126 ’
