2294 3620
153 169 204 207 72
325 132 330 136 ·
1071 155 1388 198 BARDESANE.

151 254 247 293 ἔστιν
261 255 369 305 εὑρεῖν
386 250 562 295 πολιτείας
577 249 726 295 διέξοδον
740 264 928 301 τηρουντας
940 248 1004 295 τὴν
1021 246 1118 292 ἀξίαν
1134 248 1178 298 τῇ

153 310 421 362 σπουδαιότητι,
440 310 499 349 καὶ
529 312 566 348 οὗ
587 309 697 356 δήπου
720 311 881 346 τοσοῦτον
901 307 942 345 ἄν
961 322 1012 349 τις
1029 304 1152 366 μανείη
1165 333 1176 354 ,

152 374 199 415 ὡς
228 369 278 421 μὴ
309 375 416 409 πᾶσιν
445 367 647 407 ἔπιὸάλλειν
675 367 833 419 ἡγεῖσθαι
865 364 1061 407 σπουδαίοις
1092 356 1178 400 εἰναι

154 431 422 481 προθυμεῖσθαι.
481 425 604 465 Πολλὰ
624 425 743 476 μέντοι
761 424 821 463 καὶ
837 423 927 462 ἄλλα
942 427 959 461 ὁ
978 422 1080 472 νόμος
1105 423 1174 459 τῶν

153 487 216 539 μὲν
234 487 388 539 χυδαίων
407 484 670 538 συνεχώρησεν,
690 485 755 535 οὐχ
773 482 824 521 ὅτι
845 482 880 520 δὲ
896 480 1070 534 φιλοσόφῳ
1099 478 1177 517 ἀλλ’

153 546 230 585 οὐδὲ
246 548 296 599 τῷ
309 547 424 588 καλῶς
439 543 696 596 πολιτευομένῳ
713 541 909 594 επέτρεψεν.
949 539 1040 580 Οὐδὲ
1054 537 1154 590 γὰρ’
1139 553 1177 575 εκ

152 605 268 653 πάσης
285 604 411 657 τέχνης
433 601 658 676 παραδέξαιτ’
680 600 721 639 ἂν
741 601 787 644 εἷς
807 599 845 637 τὸ
863 598 1079 647 πολίτευμα,
1101 595 1178 634 καί-

150 680 205 702 τοι
222 665 286 702 οὒκ
295 662 449 702 ἐκώλυσε
462 661 524 712 μὲν
540 660 694 713 μετιέναι
715 658 775 703 τὰς
794 657 931 710 τέχνας,
946 656 1015 694 ουδ’
1037 657 1076 693 ἐκ
1089 670 1178 692 παν-

153 739 210 766 τος
232 721 527 771 ἐπιτηδεύματος,
548 735 608 758 και
628 716 722 769 ὅμως
745 716 825 760 τους
844 719 883 754 ἐκ
903 718 970 753 τῶν
994 713 1177 767 βαναύσων

154 781 275 833 ἄρχειν
306 779 488 832 ἀπείργει,
512 777 599 821 ὅλως
617 793 654 816 τε
684 779 718 815 ἐν
745 779 798 818 αἱς
829 773 1047 819 δικαιοσύνης
1075 771 1177 824 χρεία

153 841 214 878 καὶ
243 843 304 886 τῆς
341 838 451 884 ἄλλης
483 840 627 889 ἀρετῆς,
666 851 727 882 της
769 831 997 886 προστατείας
1032 830 1173 869 κωλύει.

152 897 258 937 Ἐπεὶ
275 897 304 936 δ’
322 897 393 936 οὐδ’
411 895 561 948 ἑταίραις
580 894 710 944 ὁμιλεῖν
725 891 933 944 ἀπαγορεύει
953 890 1021 933 τοῖς
1035 890 1176 932 πολλοῖς

153 956 245 995 ἀλλὰ
264 956 324 994 και
342 953 576 1007 πραττόμενος
592 952 653 995 τὰς
674 951 812 1003 ἑταίρας
828 950 867 987 τὸ
888 949 1077 1000 μίσθωμα,
1094 950 1176 986 ἔπο-

154 1014 320 1053 νείδιστον
349 1013 484 1064 ἡγεῖται
507 1010 659 1063 μετρίοις
691 1009 836 1062 ἀνδράσι
859 1008 919 1047 καὶ
941 1005 1088 1059 αἰσχρὰν
1111 1006 1175 1053 τὴν

152 1088 236 1124 προς
256 1071 386 1114 ταύτας
406 1070 568 1122 ὁμιλίαν·
592 1069 631 1106 τό
652 1071 683 1106 τ’
705 1070 740 1106 ἐν
761 1065 964 1114 καπηλείοις
991 1066 1111 1112 διαζῆν
1136 1066 1174 1103 οὔ

151 1131 346 1170 κεκώλυκεν
376 1131 393 1166 ὁ
413 1128 536 1179 νόμος,
561 1127 621 1166 καὶ
650 1125 744 1178 ὅμως
776 1124 1008 1163 ἐπονείδιστον
1030 1126 1079 1176 τῷ
1109 1139 1175 1173 με-

152 1189 251 1241 τρίῳ.
308 1190 474 1227 Τοιοῦτον
502 1181 559 1225 οὖν
583 1202 617 1224 τι
637 1185 698 1223 καὶ
717 1184 757 1222 τὸ
777 1186 834 1222 ἐπὶ
853 1186 915 1230 τ’ῆς
935 1183 1071 1230 διαίτης
1092 1183 1174 1235 φαί-

150 1262 255 1285 νεται.
311 1245 384 1284 Καὶ
409 1247 474 1297 οὐχ
500 1244 578 1292 ἥτις
602 1249 671 1287 τοῖς
701 1244 844 1286 πολλοῖς
879 1242 1172 1294 συγκεχώρηται,

147 1305 278 1351 ταύτην
313 1304 354 1342 ἄν
389 1319 441 1348 τις
472 1303 632 1346 καὶτοῖς
662 1301 853 1354 βελτίστοις
888 1299 1174 1352 συγχωρήσειεν,

148 1365 342 1416 φιλοσοφῶν
371 1362 406 1400 δὲ
441 1361 529 1414 ἀνὴρ
554 1359 698 1412 μάλιστ’
733 1359 773 1398 ἂν
809 1359 887 1404 τοὺς
920 1359 1032 1411 ἱεροὺς
1060 1361 1174 1412 ἑαυτῷ

149 1422 362 1474 ὃπογράψειε
377 1420 503 1470 νόμους
515 1449 525 1469 ,
543 1419 600 1463 οὓς
618 1419 688 1458 θεοί
705 1435 742 1457 τε
762 1418 821 1457 καὶ
844 1417 1020 1470 ἄνθρωποι
1041 1417 1174 1471 ἀφώρι-

147 1496 211 1519 σαν
231 1482 318 1524 θεοῖς
333 1479 508 1528 ἑπόμενοι.
565 1481 611 1518 Οἱ
629 1479 659 1516 δ’
673 1477 759 1529 ἱεροὶ
776 1477 952 1530 πεφήνασι
967 1476 1066 1527 νόμοι
1083 1475 1175 1514 κατὰ

149 1541 231 1586 ἔθνη
262 1539 322 1577 καὶ
351 1539 443 1577 κατὰ
469 1537 586 1580 πόλεις
611 1537 751 1588 ἁγνείαν
789 1535 852 1586 μὲν
880 1535 1174 1588 προστάττοντες,

146 1597 311 1651 ἐμψύχων
344 1597 380 1636 δὲ
407 1599 534 1648 βρῶσιν
567 1594 840 1648 ἀπαγορεύοντες
871 1598 942 1638 τοῖς
967 1596 1070 1646 ἱεροῖς
1104 1594 1172 1642 ἤδη

145 1656 206 1695 καὶ
241 1658 288 1699 εἷς
306 1657 435 1703 πλῆθος
462 1655 571 1693 πίνειν
605 1654 795 1697 κωλύοντες
814 1654 837 1700 ἢ
874 1654 917 1692 δι’
943 1653 1119 1692 εὖσέὸειαν
1151 1655 1173 1699 ἢ

147 1715 205 1755 διά
224 1730 319 1758 τινας
348 1714 481 1766 βλάόας
497 1717 536 1752 ἐκ
554 1717 616 1760 τῆς
637 1716 766 1766 τροφῆς
781 1729 790 1737 ·
817 1711 907 1751 ὥστε
923 1712 946 1758 ἢ
961 1716 1037 1755 τοὺς
1062 1713 1174 1764 ἱερέας

147 1772 316 1824 μιμητέον
332 1773 355 1819 ἢ
370 1779 458 1811 πᾶσι
476 1771 635 1810 πειστέον
656 1772 725 1815 τοῖς
743 1770 959 1822 νομοθέταις.
1019 1770 1170 1810 ‘Exurg-

150 1848 215 1885 ρως
237 1831 303 1884 γὰρ
335 1831 476 1871 πάντων
510 1831 675 1885 ἀφεκτέον
706 1830 763 1868 τὸν
794 1830 939 1881 νόμιμόν
969 1846 1007 1868 τε
1036 1829 1174 1875 τελείως

151 1891 214 1930 καὶ
234 1891 382 1935 εὖσεὸῶς
395 1906 402 1914 ·
423 1892 452 1929 εἷ
474 1890 542 1943 γὰρ
560 1891 651 1929 κατὰ
678 1890 780 1943 μέρος
807 1890 894 1933 τινὲς
914 1891 958 1927 δι’
995 1889 1172 1929 εὖσέὸειαν

148 1952 252 2004 τινῶν
283 1949 491 2002 ἀπέχονται,
523 1954 542 1989 ὃ
579 1948 666 2001 πρὸς
694 1949 810 1987 πάντα
855 1948 1002 1996 εὖσεὸὴς
1027 1948 1171 1988 πάντων

149 2008 326 2061 ἀφέξεται.

1250 244 1368 276 modus
1389 243 1499 275 nullus
1524 243 1707 284 reperietur
1723 244 1759 276 in
1776 253 1844 285 quo
1870 253 1932 278 sua
1947 245 2102 287 probitati
2127 244 2294 283 servanda

1251 302 1390 344 dignitas
1405 301 1458 333 sit.
1504 302 1546 334 At
1564 310 1662 334 nemo
1677 304 1787 334 tamen
1800 310 1878 335 sane
1891 302 1973 336 adeo
1985 303 2160 347 insaniret,
2172 307 2212 340 ut
2221 315 2294 341 nont.

1250 361 1403 394 omnibus
1430 359 1606 393 convenire
1632 360 1852 402 existimaret,
1870 363 1911 395 ut
1937 362 2029 404 probi
2049 363 2190 410 evadere
2213 366 2294 400 stu-

1250 421 1359 453 deant.
1403 419 1506 451 Multa
1523 419 1685 460 siquidem
1697 420 1798 452 etiam
1811 420 1873 453 alia
1886 420 2016 463 vulgari
2026 430 2065 455 ac
2077 423 2294 459 confusaneam

1250 479 1355 512 turbae
1377 478 1545 518 concedit,
1567 486 1642 520 quae
1671 478 1794 512 nedum
1818 479 2030 522 philosopho,
2050 481 2110 515 sed
2137 491 2180 516 ne
2197 484 2294 522 τεοῖο

1250 537 1383 580 quidem
1406 537 1572 570 civitatem
1591 537 1832 571 administranti
1849 539 2065 580 permitteret.
2109 542 2192 575 Nam
2208 541 2294 577 licet*

1250 605 1357 638 neque
1374 605 1415 628 ex
1430 596 1520 628 omni
1533 597 1603 629 arte
1621 596 1663 629 ad
1677 596 1995 632 administrationem
2011 598 2203 641 reipublicae
2222 595 2294 637 ad-iJ

1251 655 1380 695 mittat,
1395 664 1460 687 non
1481 656 1572 688 vetat
1586 656 1699 688 tamen
1722 656 1802 697 quin
1825 656 1891 690 illae
1907 659 2134 692 exerceantur.
2177 658 2294 693 Sordi-!

1250 715 1367 748 darum
1396 715 1507 747 tamen
1535 714 1656 747 artium
1684 714 1818 756 opifices
1845 724 1866 748 a
1893 716 2158 759 magistratibus,
2185 700 2294 760 atqueff

1250 774 1382 807 omnino
1403 773 1445 806 ab
1473 783 1588 807 earum
1612 783 1725 807 rerum
1741 775 1952 817 praesidentia
1977 778 2084 817 arcet,
2109 777 2145 809 in
2163 774 2294 820 quibus}

1246 834 1375 876 justitia
1401 834 1458 866 aut
1482 833 1621 875 reliquae
1649 833 1793 867 virtutes
1811 834 2037 876 requiruntur.
2081 835 2146 869 sed
2177 845 2294 879 neque,

1250 902 1324 925 cum
1351 892 1581 925 meretricibus
1606 893 1792 927 mercedem
1817 894 1970 936 exigens,
1987 893 2148 928 infamem
2172 895 2294 934 tamem

1250 961 1321 985 esse
1340 961 1380 984 ac
1396 953 1528 994 turpem
1546 961 1660 985 earum
1678 962 1890 995 congressum
1914 954 2075 988 modestis
2097 951 2294 1001 hominihus}

1250 1013 1370 1044 censet.
1417 1013 1454 1044 ln
1480 1011 1637 1053 cauponis
1662 1011 1743 1045 item
1763 1012 1868 1044 vitam
1890 1012 2064 1046 traducere
2082 1022 2149 1046 non
2175 1007 2294 1056 probi-²

1247 1071 1303 1103 het
1335 1084 1343 1102 ι
1367 1070 1448 1103 nihil
1479 1072 1591 1103 tamen
1619 1073 1789 1112 propterea
1819 1071 1948 1112 obstat,
1970 1073 2052 1114 quin
2071 1071 2108 1105 id
2139 1063 2294 1126 maximo}

1249 1129 1426 1172 opprobrio
1441 1130 1592 1172 ingenuis
1609 1129 1799 1164 hominibus
1811 1130 1985 1164 habeatur.
2029 1131 2125 1165 Idem
2140 1130 2175 1164 in
2194 1129 2294 1172 victu]

1248 1199 1379 1231 quoque
1392 1189 1441 1223 fit.
1485 1191 1557 1222 Non
1569 1189 1657 1222 enim
1673 1189 1732 1230 qui
1756 1189 1853 1230 vulgo
1877 1178 2094 1230 permittitur,
2108 1188 2138 1222 is
2151 1175 2294 1235 optimis}

1250 1248 1437 1290 quibusque
1453 1248 1556 1280 etiam
1575 1257 1648 1280 esse
1670 1247 1901 1280 concedendus
1920 1247 2067 1280 videtur.
2110 1249 2195 1280 Nam
2209 1237 2294 1290 phi-i

1249 1307 1405 1350 Iosephus
1423 1307 1476 1339 vir
1496 1315 1605 1339 sacras
1616 1307 1782 1348 praecipue
1800 1305 1863 1338 sibi
1881 1306 1970 1348 leges
1984 1305 2188 1348 proescribit.
2202 1288 2294 1349 quast

1248 1367 1294 1399 dii
1319 1367 1352 1398 et
1370 1365 1520 1398 homines
1538 1365 1619 1398 deos
1642 1365 1775 1406 sequuti
1793 1364 2050 1397 constituerunt.
2098 1365 2207 1397 Sacrae
2224 1368 2294 1398 ειη-Ε

1250 1420 1315 1458 tem
1335 1424 1423 1466 leges
1441 1433 1500 1466 per
1528 1423 1672 1465 singulas
1701 1425 1815 1465 gentes
1837 1425 1872 1456 et
1896 1422 2048 1456 civitates
2065 1422 2131 1456 illae
2151 1408 2294 1466 exstit&

1248 1486 1345 1524 runt,
1366 1492 1442 1525 quae
1464 1482 1566 1516 sacris
1587 1481 1777 1515 hominibus
1796 1483 1830 1515 et
1852 1481 2080 1514 castimoniam
2100 1481 2237 1524 J'ubent,
2251 1482 2294 1538 eq

1247 1544 1467 1576 animatorum
1480 1551 1573 1575 esum
1585 1541 1808 1581 interdicunt,
1832 1542 1866 1574 et
1881 1549 1959 1573 vero
1975 1540 2009 1573 in
2024 1540 2157 1574 circulis
2171 1540 2294 1578 biberei

1247 1603 1379 1642 vetant,
1403 1602 1455 1634 vel
1482 1601 1615 1643 pietatis
1634 1609 1752 1639 causa,
1780 1599 1832 1632 vel
1860 1598 2022 1639 laesionis,
2055 1607 2130 1640 quae
2157 1607 2199 1632 ex
2215 1589 2294 1665 ali-‘3¹'

1247 1662 1359 1693 mento
1383 1660 1502 1693 evenit.
1548 1662 1655 1698 Quam
1679 1659 1722 1691 ob
1737 1667 1810 1691 rem
1827 1658 1880 1691 vei
1906 1658 2092 1692 sacerdotes
2112 1659 2190 1691 sunt
2213 1657 2294 1707 ὶιιιί-ιΙ

1247 1720 1356 1760 tandi,
1375 1720 1429 1752 wel
1455 1719 1609 1752 omnibus
1633 1717 1875 1760 legislatoribus
1899 1717 2195 1760 obtemperandum
2221 1709 2294 1754 esti

1249 1779 1413 1812 Utrolibet
1429 1778 1517 1811 enim
1536 1777 1635 1810 modo
1653 1777 1736 1817 fiet,
1754 1778 1796 1809 ut
1809 1776 1867 1818 qui
1877 1776 1989 1818 justus
2003 1785 2042 1809 ac
2056 1776 2132 1818 pius
2143 1759 2294 1822 perfecto}¹

1248 1841 1321 1879 est,
1341 1837 1505 1871 abstinere
1523 1837 1564 1869 ab
1593 1837 1748 1869 omnibus
1767 1835 1898 1869 debeat
1942 1835 1976 1867 Si
1994 1834 2083 1868 enim
2107 1843 2127 1867 a
2151 1830 2294 1903 quibus-t

1247 1899 1325 1932 dam
1338 1898 1485 1931 nonnulli
1502 1896 1545 1929 ob
1563 1896 1720 1938 pietatem
1741 1895 1923 1935 abstinent,
1944 1894 1986 1927 ab
2005 1893 2158 1927 omnihus
2171 1874 2294 1951 procul3

1247 1957 1350 1990 dubio
1375 1957 1442 1990 sibi
1460 1954 1694 1989 abstinendum
1711 1953 1879 1994 censebit,
1901 1953 1960 1995 qui
1977 1953 2052 1995 pius
2077 1952 2112 1985 in
2136 1929 2294 1991 omnibus}

1249 2016 1360 2050 t'uerit.
2283 2015 2294 2062 'i

2286 2066 2294 2090 ι

2284 2100 2294 2198 3
