2294 3620
661 137 726 177 LE
755 136 910 178 LIVRE
937 137 1005 176 DE
1033 136 1101 176 LA
1128 136 1211 176 LOI
1240 131 1339 176 DES
1369 130 1649 178 CONTREES.

8 267 11 276 ἰ
68 235 155 264 tous
187 229 240 264 les
271 227 491 274 Germains‚
521 228 558 264 13
588 230 698 265 Lune
726 236 764 265 et
790 230 897 266 Hora
919 241 966 280 se·
991 229 1116 265 soient

29 299 33 307 ¹
67 288 244 324 trouvees
256 294 364 324 entre
373 289 472 323 Mars
483 294 520 324 et
533 287 708 331 Saturne.
722 288 959 338 Cependant,
978 294 1118 324 entout

67 346 144 382 lieu
165 353 203 383 et
221 346 243 382 3
264 353 370 382 toute
388 347 528 393 heure,
553 347 618 383 des
636 347 810 384 hommes
832 349 999 384 naissent
1025 346 1117 384 dans

22 446 30 463 ἃ
69 404 135 443 des
155 405 435 442 circonstances
455 405 675 442 differentes
697 407 750 443 les
768 419 862 443 unes
881 407 947 443 des
974 413 1113 452 autres,

68 470 106 500 et
124 464 178 500 les
195 464 268 500 lois
282 464 480 500 humaines
499 465 737 514 triomphent
758 465 809 502 du
834 464 992 514 Destin,
1015 471 1052 501 et
1070 465 1115 501 ils

21 540 29 564 -ς
67 535 108 561 se
125 530 364 573 gouvernent
380 523 530 572 d'apres
544 524 629 560 leur
644 525 815 561 volonte'.

121 582 241 629 Ainsi,
260 584 294 619 le
312 583 445 619 Destin
463 583 631 633 n'oblige
647 596 715 632 pas
731 583 785 621 les
802 582 911 621 seres
935 584 956 620 a
975 596 1023 621 ne
1048 595 1116 634 pas

67 649 292 679 commettre
325 641 579 690 d’homicide‚
609 643 740 691 quand
767 644 812 679 ils
841 643 930 680 n'en
950 650 1019 680 ont
1045 655 1115 692 pas

65 702 101 738 le
121 701 233 748 desir,
252 701 292 736 ni
311 701 365 737 les
392 701 613 738 Brahmines
629 701 650 738 3
680 715 838 752 manger
859 702 906 740 de
931 703 968 739 la
988 702 1109 741 chair.

66 761 99 797 11
118 759 342 809 n’empeche
372 772 442 809 pas
471 774 552 797 non
570 762 657 810 plus
677 762 731 798 le's
753 763 880 798 Perses
910 761 1114 811 d’epouser

64 820 166 856 leurs
183 818 278 856 filles
305 826 342 856 et
368 820 470 856 leurs
498 833 636 867 soeurs,
658 822 699 856 ni
724 822 777 858 les
802 821 958 858 Indiens
993 821 1113 858 d’etre

62 879 192 915 brules
204 906 215 924 ,
232 880 271 915 ni
285 879 339 916 les
350 878 480 916 Medes
493 880 614 916 d’etre
636 881 796 917 devores
812 893 882 930 par
896 881 949 917 les
970 881 1111 928 chiens,

62 939 103 975 ni
135 939 188 975 les
206 939 368 975 Bretons
394 939 442 976 de
472 940 640 988 prendre
662 940 728 977 des
747 941 920 977 hommes
941 953 988 977 en
1008 941 1112 990 guise

63 996 112 1034 de
135 996 312 1043 femmes,
332 998 372 1033 ni
388 998 442 1035 les
470 989 718 1035 Edesseniens
738 999 858 1035 d'etre
885 999 1051 1046 chastes,
1071 1001 1112 1035 ni

61 1057 114 1092 les
122 1056 238 1093 Grecs
252 1056 297 1092 de
311 1056 514 1094 s'adonner
524 1058 542 1094 a
560 1059 597 1094 la
604 1059 867 1108 gymnastique
877 1085 888 1104 ‚
897 1084 1107 1097 .............

60 1116 103 1151 ni
122 1116 174 1152 les
200 1117 384 1153 Romains
408 1117 455 1153 de
483 1118 691 1166 conquerir
715 1117 890 1165 toujours
917 1117 982 1154 des
1012 1130 1109 1166 pro-

61 1176 203 1220 vinces,
217 1176 258 1211 ni
271 1176 324 1212 les
339 1176 494 1213 Gaulois
508 1177 555 1213 de
566 1189 605 1213 se
618 1178 762 1214 marier
779 1183 886 1213 entre
901 1189 986 1214 emt.
1012 1178 1045 1212 Il
1060 1189 1109 1214 ne

2182 148 2233 187 89

1191 228 1300 264 force
1327 239 1395 276 pas
1418 240 1500 264 non
1524 229 1610 276 plus
1638 230 1690 266 les
1718 231 1927 269 Amazones
1945 233 1966 270 ὲ
1988 235 2112 272 elever
2136 236 2236 274 leurs

1195 287 1343 323 enfants
1359 286 1498 332 male53
1516 294 1554 322 et
1571 287 1609 323 la
1622 289 1817 325 naissance
1836 290 2002 340 n'oblige
2019 305 2143 330 aucun
2155 295 2235 331 etre

1188 359 1253 383 sur
1265 347 1301 383 la
1321 345 1467 383 surface
1486 345 1539 382 du
1552 345 1714 395 monde,
1732 348 1754 384 ὲ
1778 349 1942 386 cultiver
1959 347 2045 387 l'art
2067 352 2131 388 des
2145 354 2234 390 Mu-

1189 418 1258 443 ses.
1288 406 1406 454 Mais,
1433 419 1584 442 comme
1608 406 1647 454 J'e
1667 407 1729 443 l’ai
1749 408 1826 454 dit,
1857 409 1950 445 dans
1971 411 2119 460 chaque
2143 425 2236 462 pays

1188 473 1225 503 et
1246 465 1502 515 chez-chaque
1521 467 1684 515 peuple‚
1709 473 1795 503 tous
1813 468 1864 505 les
1884 469 2058 505 hommes
2073 472 2236 519 agissent

1186 526 1294 562 selon
1309 525 1344 562 le
1363 525 1482 562 Lihre
1501 526 1657 562 Arbitre
1680 526 1727 562 de
1753 527 1837 563 leur
1850 534 1985 564 nature
1999 555 2009 573 ‚
2029 541 2178 566 comme
2192 531 2237 567 ils

1186 584 1443 631 l'entendent‚
1465 591 1503 621 et
1523 592 1610 621 sont
1629 586 1773 621 soumis
1793 598 1842 622 au
1861 587 1993 622 Destin
2009 594 2047 622 et
2062 587 2083 623 a
2109 589 2144 624 la
2159 590 2235 626 Na-

1188 651 1273 681 ture
1286 672 1297 691 ,
1314 644 1335 681 ἐι
1352 656 1465 681 cause
1483 644 1536 680 du
1554 657 1666 694 corps
1687 646 1755 693 qui
1769 646 1824 682 les
1846 646 2060 694 enveloppe
2074 673 2084 691 ‚
2107 649 2232 684 tantot

1186 705 1295 741 selon
1313 705 1398 741 leur
1418 705 1576 740 volonte
1596 711 1634 740 et
1654 704 1780 741 tantot
1798 711 1931 744 contre
1957 706 2042 741 leur
2063 707 2144 754 gre.
2164 707 2234 744 Car

1187 764 1280 800 dans
1300 764 1451 813 chaque
1466 775 1561 812 pays
1582 770 1620 799 et
1633 763 1720 801 chez
1737 764 1885 813 chaque
1901 764 2059 813 peuple‚
2075 764 2102 799 il
2121 765 2237 801 existe

1187 824 1253 860 des
1271 824 1395 860 riches
1410 830 1448 859 et
1468 823 1535 859 des
1549 835 1714 872 pauvres
1726 851 1737 870 ‚
1757 823 1823 860 des
1837 835 2098 873 gouverneurs
2113 831 2151 860 et
2171 824 2236 860 des

1186 878 1419 927 gouvernes,
1456 877 1523 913 des
1559 889 1651 926 gens
1679 890 1728 913 en
1750 878 1854 914 sante
1881 885 1919 914 et
1945 877 2012 913 des
2042 877 2230 921 malades,

1187 937 1337 973 ch‘acun
1353 937 1460 973 selon
1485 939 1566 985 que'
1585 936 1622 972 le
1641 937 1777 973 Destin
1795 942 1833 972 et
1859 936 1895 972 la
1915 930 2110 972 naissance
2140 935 2239 972 l'ont

1188 997 1339 1034 atteint.
1383 999 1385 1001 ’

1237 1057 1259 1092 J
1262 1069 1282 1092 e
1297 1057 1351 1092 lui
1365 1056 1423 1092 dis
1443 1069 1451 1092 :
1468 1057 1526 1092 Tu
1542 1069 1640 1092 nous
1659 1068 1699 1092 as
1720 1056 1952 1092 convaincus
1967 1055 2014 1092 de
2032 1062 2117 1092 tout
2136 1056 2236 1101 ceci,

1186 1114 1331 1167 [notre]
1338 1115 1436 1152 frere
1449 1115 1679 1164 Bardesane,
1695 1123 1732 1152 et
1740 1128 1838 1151 nous
1845 1128 1981 1151 savons
2001 1127 2076 1164 que
2092 1113 2152 1165 [ce
2163 1127 2239 1164 que

1184 1183 1226 1212 tu
1240 1174 1312 1225 dis]
1323 1183 1377 1211 est
1391 1176 1487 1212 vrai.
1498 1177 1594 1212 Mais
1609 1183 1652 1211 tu
1665 1176 1735 1212 sais
1745 1187 1819 1224 que
1830 1176 1884 1211 les
1893 1173 2106 1211 Chaldeens
2118 1175 2240 1211 disent

666 1319 846 1357 Eusebius,
867 1321 1045 1361 Praeparat.
1061 1320 1224 1361 evangel„
1241 1319 1307 1354 loc.
1324 1321 1398 1360 cit„
1417 1319 1436 1361 §
1462 1322 1626 1353 18-19—20.

60 1396 123 1441 τὴν
142 1396 290 1444 σελήνην
304 1397 364 1436 καὶ
379 1397 442 1445 τὴν
460 1396 555 1450 ὥραν
570 1394 884 1448 ’μεσολαὸουμένας
897 1397 965 1436 ὑπὸ
976 1397 1112 1450 Κρόνου

60 1455 120 1495 καὶ
132 1455 251 1508 Ἄρεος
264 1455 354 1509 ἔχει.
369 1456 487 1497 Παντὶ
495 1456 584 1495 ἔθνει
603 1457 663 1496 καὶ
675 1457 772 1508 πάσῃ
790 1457 907 1509 ἡμέρα
927 1456 986 1495 καὶ
1004 1455 1112 1495 παντὶ

60 1515 157 1568 τόπῳ
177 1515 426 1567 τῆς-γενέσεως
443 1519 634 1568 γεννῶνται
655 1515 843 1569 ἄνθρωποι·
864 1518 988 1568 κρατεῖ
1007 1515 1044 1554 δὲ
1075 1517 1110 1554 ἐν

61 1574 195 1627 ἑκάστῃ
218 1574 324 1630 μοίρᾳ
345 1578 414 1613 τῶν
439 1575 633 1628 ἀνθρώπων
668 1576 771 1627 νόμος
803 1574 865 1614 καὶ
885 1575 959 1619 ἔθος
993 1574 1051 1613 διὰ
1070 1575 1110 1613 τὸ

61 1633 282 1679 αὐτεξούσιον
302 1638 363 1673 τοῦ
393 1635 592 1688 ἀνθρώπου.

113 1696 134 1745 §
166 1708 228 1745 19.
262 1694 334 1733 Καὶ
355 1697 417 1733 οὔκ
451 1695 642 1746 ἀναγκάζει
665 1698 687 1742 ἡ
717 1695 850 1746 γένεσις
875 1693 952 1738 τοὺς
988 1696 1109 1746 Σῆρας

60 1753 110 1805 μὴ
128 1753 291 1798 θέλοντας
311 1753 480 1807 φονεύειν,
499 1754 523 1798 ἢ
544 1753 620 1798 τοὺς
642 1757 861 1807 Βραχμᾶνας
882 1754 1105 1807 κρεοφαγεῖν,

59 1812 83 1860 ἢ
107 1812 184 1857 τοὺς
218 1813 359 1865 Πέρσας
388 1813 562 1864 ἀθεμίτως
592 1812 641 1864 μὴ
662 1816 804 1865 γαμεῖν,
838 1811 960 1860 ἢτοὺς
981 1812 1109 1857 Ἰνδοὺς

60 1873 110 1923 μὴ
129 1873 310 1921 καίεσθαι,
334 1871 357 1919 ἢ
374 1871 453 1916 τοὺς
475 1873 619 1920 Μήδους
642 1873 692 1923 μὴ
713 1872 887 1912 ἐσθίεσθαι
903 1872 971 1911 ὕπὸ
991 1875 1104 1911 κυνῶν

59 1930 82 1979 ἢ
97 1931 175 1976 τοὺς
192 1932 355 1984 Πάρθους
387 1931 437 1982 μὴ
465 1934 682 1984 πολυγαμεῖν
700 1932 723 1980 ἢ
740 1931 804 1976 τὰς
823 1933 858 1970 ἐν
875 1935 918 1984 τῇ
938 1934 1104 1972 Μεσοπο-

2 2013 5 2016 ⁴
58 1991 172 2044 ταμίᾳ
187 1992 357 2045 γυναῖκας
385 1991 435 2043 μὴ
457 1997 669 2045 σωφρονεῖν,
694 1991 716 2039 ἢ
739 1990 817 2035 τοὺς
839 1990 1026 2038 (Έλληνας
1056 1991 1104 2042 μὴ

57 2051 294 2103 γυμνάζεσθαι
311 2051 455 2103 γυμνοῖς
470 2057 539 2095 τοῖς
557 2050 718 2101 σώμασιν
734 2080 745 2102 ,
763 2049 786 2098 ἢ
805 2050 886 2094 τοὺς
903 2050 1107 2101 Ῥωμαίους
1142 2085 1147 2098 ,

1193 1396 1243 1448 μὴ
1279 1403 1435 1450 κρατεῖν,
1468 1395 1490 1443 ἢ
1511 1396 1592 1441 τοὺς
1628 1397 1788 1441 Γάλλους
1820 1397 1869 1446 μὴ
1891 1399 2106 1449 γαμεῖσθαι,
2136 1395 2158 1443 ἢ
2194 1396 2239 1435 τὰ

1191 1456 1284 1494 ἄλλα
1303 1456 1466 1509 βάρῧαρα
1487 1456 1567 1504 ἔθνη
1597 1462 1673 1501 ταῖς
1696 1456 1765 1496 ὑπὸ
1785 1458 1854 1494 τῶν
1883 1455 2067 1502 Ἑλλήνων
2088 1456 2241 1508 λεγομέ-

1191 1532 1266 1560 ναις
1295 1516 1458 1560 Μούσαις
1486 1522 1677 1555 κοινωνεῖν·
1702 1517 1782 1555 ἀλλ’
1800 1517 1847 1560 ὡς
1870 1520 2054 1567 προεῖπον,
2088 1514 2238 1555 ἕκαστον

1191 1575 1285 1619 ἔθνος
1305 1575 1365 1613 καὶ
1398 1575 1544 1619 ἕκαστος
1562 1578 1631 1614 τῶν
1653 1574 1846 1626 ἀνθρώπων
1878 1578 2009 1627 χρῆται
2031 1577 2074 1627 τῇ
2107 1576 2237 1614 ἑαυτοῦ

1184 1633 1383 1688 ἐλευθερίᾳ,
1403 1637 1450 1679 ὡς
1467 1634 1630 1687 βούλεται
1649 1635 1710 1674 καὶ
1727 1634 1784 1672 ὅτε
1805 1634 1986 1686 βούλεται,
2004 1634 2065 1673 καὶ
2084 1634 2239 1673 δουλεύει

1181 1698 1225 1746 τῇ
1246 1694 1381 1747 γενέσει
1401 1696 1460 1733 καὶ
1480 1698 1523 1747 τῇ
1546 1694 1649 1748 φύσει
1670 1694 1715 1734 δι’
1738 1695 1781 1742 ἣν·
1809 1693 2009 1746 περίκειται
2029 1694 2165 1746 σάρκα,
2187 1696 2238 1741 πῆ

1183 1754 1245 1804 μὲν
1266 1757 1313 1799 ὡς
1336 1753 1520 1807 βούλεται,
1541 1757 1593 1802 πῆ
1620 1755 1655 1793 δὲ
1688 1757 1735 1798 ὥς
1767 1753 1816 1804 μὴ
1841 1753 2020 1806 βούλεται.

1239 1815 1261 1864 S
1279 1829 1342 1855 20.
1368 1816 1546 1868 Πανταχῇ
1566 1813 1634 1866 γὰρ
1665 1814 1726 1852 καὶ
1747 1815 1780 1851 ἐν
1802 1814 1910 1851 παντὶ
1930 1812 2017 1852 ἔθνει
2037 1812 2104 1850 εἶσὶ
2129 1812 2241 1851 πλού-

1185 1889 1253 1912 σιοι
1269 1873 1330 1912 καὶ
1347 1873 1504 1922 πένητες,
1523 1874 1584 1912 καὶ
1606 1874 1772 1926 ἄρχοντες
1793 1873 1853 1911 καὶ
1875 1872 2078 1925 ἀρχόμενοι,
2098 1872 2158 1910 καὶ
2179 1874 2240 1923 ἐρ-

1189 1933 1336 1986 ρωμένοι
1355 1932 1416 1971 καὶ
1443 1937 1642 1979 νοσοῦντες,
1671 1932 1819 1976 ἕκαστος
1849 1932 1942 1971 κατὰ
1961 1930 2040 1976 τοὺς
2059 1934 2122 1978 τῆς
2140 1931 2238 1984 γενέ-

1185 2007 1273 2036 σεως
1296 1994 1402 2030 αὐτοῦ
1429 1991 1593 2045 κλήρους.

1234 2053 1375 2100 Ταῦτα,
1396 2044 1425 2089 ῶ
1442 2051 1674 2104 Βαρδησάνη,
1692 2051 1807 2103 ἄκρως
1824 2053 1920 2101 ἡμᾶς
1940 2049 2124 2097 πέπεικας,
2143 2050 2235 2103 φημὶ

860 2142 1003 2182 Recogn.
1027 2141 1081 2173 Ps.
1103 2140 1220 2181 Clem.‚
1243 2142 1307 2181 IX,
1330 2144 1437 2174 25-26.

65 2218 185 2253 Marte
205 2216 495 2252 circumcinctas
525 2215 681 2251 habent.
702 2214 779 2251 Sed
794 2226 924 2251 nonne
944 2215 986 2249 in
1006 2215 1112 2250 omni

63 2283 175 2325 gente
195 2275 283 2311 etin
305 2274 412 2310 omni
430 2274 491 2310 die
509 2285 579 2322 per
594 2286 744 2309 omnem
764 2273 1019 2310 diversitatem
1036 2274 1109 2311 Ge-

57 2335 153 2371 nesis
173 2341 380 2370 nascuntur
398 2333 596 2368 homines?
612 2345 658 2368 ex
676 2334 815 2381 quibus
836 2333 1013 2369 omnibus
1034 2345 1103 2382 ap-

56 2400 188 2442 paret,
210 2394 301 2442 quia
326 2400 450 2428 metus
469 2393 598 2441 legum
619 2393 660 2427 in
683 2404 915 2441 unaquaque
943 2393 1103 2441 regione

58 2452 291 2498 dominatur,
311 2458 348 2488 et
372 2452 520 2487 arbitrii
541 2450 696 2487 libertas
711 2479 720 2496 ,
753 2464 836 2499 quae
857 2459 910 2488 est
932 2452 1101 2487 homini-

57 2511 127 2547 bus
147 2511 259 2547 insita
274 2523 344 2559 per
362 2511 539 2559 spiritum
560 2510 801 2558 obtemperat
827 2511 991 2559 legibus.

111 2571 189 2606 Nec
220 2581 357 2618 cogere
381 2575 507 2617 potest
528 2569 682 2605 Genesis
712 2576 777 2605 aut
800 2568 912 2606 Seres
938 2569 1102 2605 homici-

58 2627 165 2664 dium
182 2629 437 2676 committere,
457 2631 523 2664 aut
538 2628 772 2675 Bragmanos
792 2628 971 2663 carnibus
984 2628 1101 2672 vesci,

59 2695 126 2724 aut
145 2686 277 2724 Persas
301 2688 446 2724 incesta
471 2687 615 2735 vitare,
636 2687 696 2722 vel
723 2687 841 2723 Indos
863 2699 943 2722 non
972 2687 1104 2732 exuri,

1187 2221 1252 2250 aut
1271 2214 1406 2250 Medos
1425 2226 1506 2249 non
1522 2226 1543 2249 a
1563 2213 1721 2250 canibus
1744 2213 1943 2259 devorari,
1972 2212 2135 2248 Parthos
2154 2224 2237 2247 non

1185 2273 1327 2309 habere
1348 2273 1478 2321 plures
1496 2285 1650 2318 uxores,
1667 2280 1733 2308 aut
1751 2273 1929 2308 mulieres
1944 2271 2235 2320 Mesopotamiae

1184 2345 1265 2368 non
1287 2344 1438 2368 servare
1453 2332 1694 2380 pudicitiam,
1716 2331 1866 2367 Graecos
1878 2342 1959 2366 non
1976 2329 2150 2365 exerceri
2164 2340 2234 2377 pa·

1188 2392 1334 2435 laestris,
1353 2391 1551 2427 Gallorum
1577 2402 1720 2438 pueros
1736 2402 1817 2424 non
1837 2389 1916 2437 pati
1930 2388 2132 2423 muliebria
2147 2415 2157 2433 ,
2174 2388 2237 2424 vel

1188 2457 1316 2499 gentes
1335 2448 1518 2485 barbaras
1535 2449 1755 2486 Graecorum
1776 2447 1910 2483 studiis
1927 2446 2088 2491 institui,
2111 2445 2178 2482 sed
2192 2453 2235 2482 ut

1182 2509 1347 2544 diximus
1369 2520 1611 2557 unaquaeque
1635 2519 1726 2556 gens
1755 2507 1831 2542 suis
1852 2506 2002 2554 legibus
2025 2505 2147 2541 utitur
2162 2517 2235 2553 pro

1179 2569 1366 2604 libertatis
1386 2568 1548 2603 arbitrio
1562 2593 1574 2612 ,
1601 2573 1637 2603 et
1654 2566 1808 2602 decreta
1835 2565 1990 2603 Genesis
2010 2566 2139 2614 legum
2166 2577 2229 2602 se-

1189 2618 1347 2662 veritate
1365 2625 1534 2674 depellit.

1233 2685 1298 2723 26.
1320 2685 1395 2722 Sed
1415 2685 1517 2721 dicet
1541 2685 1678 2732 aliquis
1708 2696 1842 2720 eorum
1868 2683 1936 2731 qui
1966 2682 2007 2718 in
2033 2681 2236 2732 disciplina

858 2773 1035 2813 Caesarius,
1053 2772 1271 2812 QuaestioneS‚
1293 2772 1357 2805 loc.
1378 2773 1437 2805 cit.

60 2867 153 2896 τονες
172 2852 194 2899 ἢ
214 2853 368 2905 χείρονες
396 2852 491 2891 κατὰ
512 2852 650 2904 ἄστρων
677 2849 915 2902 συμπλοκὴν,
937 2852 984 2894 ὥς
1010 2852 1108 2900 ὑμεῖς

2 2908 5 2910 ,
61 2911 169 2964 φατὲ,
205 2911 283 2950 ἀλλ’
303 2914 337 2950 ἐν
359 2911 489 2963 ἑκάστῃ
510 2911 614 2964 χώρα
645 2910 746 2962 νόμοι
774 2909 862 2954 τινὲς
889 2908 950 2948 καὶ
972 2909 1108 2962 πάτρια

59 2969 122 3017 ἔθη
143 2975 277 3023 κρατεῖ,
297 2970 330 3015 ἐξ
355 2964 403 3008 ῶν
424 2970 463 3008 τὸ
497 2968 715 3013 αὐτεξούσιον
747 2969 808 3007 καὶ
827 2969 867 3008 τὸ
886 2969 940 3021 ἐφ’
961 2968 1046 3019 ἡμῖν
1064 2969 1109 3007 τὰ

61 3029 221 3081 πρακτέα
241 3029 413 3081 ὑπάρχειν
433 3027 675 3078 παιδευόμεθα
693 3027 833 3071 πάντες.

116 3089 170 3127 Οὐ
191 3089 259 3140 γὰρ
276 3090 333 3126 οἵα
353 3104 392 3126 τε
411 3091 434 3135 ἡ
456 3089 533 3125 καθ’
553 3091 644 3138 ὑμᾶς
663 3087 795 3138 γένεσις
813 3086 1014 3139 ἀναγκάσαι
1035 3089 1108 3135 Σῆ-

62 3163 123 3200 ρας
133 3149 275 3186 ἇνακεῖν
293 3148 392 3200 (lege
407 3161 416 3184 .·
434 3146 608 3200 ἀναιρεῖν)
626 3146 649 3193 ἢ
671 3148 890 3199 Βραχμᾶνας
910 3146 1109 3199 κρεοὸορεῒν

61 3207 122 3246 καὶ
143 3209 381 3260 σικεροποτεῒν
403 3206 426 3254 ἢ
443 3207 586 3258 Πέρσας
598 3205 647 3257 μὴ
668 3210 910 3258 μητρογαμεῖν
924 3205 985 3244 καὶ
1006 3207 1108 3245 ἀδελ-

48 3269 247 3320 ’φοφθορεῖν
263 3266 286 3314 ἢ
304 3265 431 3309 Ἰνδοὺς
445 3265 494 3317 μὴ
505 3265 590 3318 πυρὶ
606 3265 740 3303 διδόναι
755 3264 833 3308 τοὺς
843 3264 1015 3317 νεκροὺςῆ
1030 3264 1110 3312 Μή-

64 3325 139 3370 δους
168 3326 217 3377 μὴ
246 3326 328 3366 κυσὶ
360 3325 438 3369 τοὺς
467 3324 723 3376 θνησκομένους
747 3325 758 3377 (
768 3328 842 3375 leg.
874 3323 1109 3377 θνήσκοντας)

63 3387 262 3437 προτιθέναι
282 3385 305 3433 ἢ
333 3385 497 3438 Πάρθους
518 3384 567 3437 μὴ
590 3386 815 3437 πολυγαμεῐν
835 3384 858 3431 ἢ
880 3384 959 3429 τοὺς
985 3386 1102 3424 Μεσο-

1185 2848 1384 2900 ποταμίτας
1401 2848 1450 2900 μὴ
1467 2848 1582 2902 ἄκρως
1596 2846 1826 2901 σωφρονεῖνῆ
1841 2846 2025 2894 ’Έλληνας
2041 2847 2091 2898 μὴ
2110 2862 2232 2898 σωμα-

1183 2910 1343 2948 σκεῒσθαι
1357 2906 1379 2955 ἢ
1391 2908 1435 2946 τὰ
1448 2908 1613 2961 βάρὸαρα
1631 2908 1711 2955 ἔθνη
1727 2913 1802 2952 ταῖς
1821 2907 1878 2962 ὑφ’
1893 2905 2076 2954 Ἑλλήνων
2092 2920 2234 2960 προσα-

1183 2967 1429 3022 γορευομέναις
1440 2973 1632 3006 κοινωνεῖν·
1649 2969 1728 3006 ἀλλ’
1744 2969 1790 3011 ὡς
1802 2966 1959 3020 προέφην
1974 2965 2123 3009 ἕκαστος
2142 2967 2226 3018 βρο-

1184 3030 1253 3066 τῶν
1266 3030 1400 3081 χρῆται
1415 3031 1457 3081 τῇ
1475 3031 1533 3065 τοῦ
1554 3027 1661 3078 νόμου
1680 3027 1875 3079 ἐλευθερίᾳ,
1894 3025 1938 3064 τὰ
1959 3027 2078 3064 ἐκτῶν
2094 3024 2233 3077 ἄστρων

1189 3086 1478 3139 μυθουργούμενα
1502 3089 1583 3125 καθ’
1598 3086 1781 3134 ιΈλληνας
1813 3085 2160 3140 παραπεμπόμενος,
2181 3086 2233 3137 τῷ

1188 3148 1227 3184 ἐκ
1243 3149 1312 3185 τῶν
1333 3146 1450 3198 νόμων
1472 3145 1578 3193 δέειῆ
1598 3149 1649 3199 τῷ
1664 3146 1780 3188 ἔθνους
1804 3145 1872 3184 ἔθει
1891 3145 2031 3198 πατρίῳ
2055 3146 2125 3182 τῶν
2142 3143 2232 3197 φαύ-

1184 3207 1257 3245 λων
1279 3205 1489 3258 εἰργόμενος·
1511 3207 1547 3244 αἱ
1579 3206 1642 3256 μὲν
1665 3206 1732 3259 γὰρ
1763 3208 1834 3244 τῶν
1869 3206 2002 3259 ἀρετῶν
2033 3203 2233 3256 ὖπάρχουσι

1185 3265 1455 3318 προαιρετικαὶ,
1486 3267 1523 3304 αἱ
1555 3265 1590 3304 δὲ
1625 3263 1897 3319 περιστατικαὶ,
1932 3263 2069 3316 ἀνάγκῃ
2103 3263 2162 3301 ἐπὶ
2193 3261 2233 3300 τὸ

1185 3330 1342 3377 κρεῖττον
1360 3328 1559 3378 χωροῦντος
1577 3328 1636 3363 τοῦ
1660 3325 1874 3376 ζητουμένου
1895 3323 1964 3363 ὑπὸ
1982 3325 2051 3362 τῶν
2071 3321 2203 3373 νόμων.

1237 3384 1331 3424 Ἀλλ’
1344 3386 1435 3423 ἑπτὰ
1448 3384 1558 3424 ὄντων
1573 3386 1687 3436 (add.
1707 3385 1799 3438 τῶν)
1816 3387 1860 3437 τῇ
1875 3384 2009 3436 γενέσει
2023 3384 2125 3433 ἡμῶν
2142 3383 2230 3419 ἀνα-
