2294 3620
4 66 19 71 Ξ
9 9 25 55 *ὅθι
12 0 30 3 j

659 134 899 175 HISTOIRE
927 133 997 173 DU
1026 120 1197 172 REGNE
1227 131 1295 170 DE
1323 130 1578 171 TlRlDATE.

45 230 86 266 ni
101 229 222 278 punir
248 240 344 264 ceux
369 227 436 275 qui
463 226 516 262 les
536 231 750 273 outragent.
780 223 812 260 Il
841 223 905 271 n’y
923 235 945 259 a
966 221 1084 271 qu'un

44 289 160 337 esprit
185 287 342 336 aveugle
367 286 434 334 qui
459 285 582 334 puisse
616 283 755 320 adorer
786 283 838 319 les
867 282 980 319 dieux
1008 293 1082 330 que

11 374 15 379 ·
42 359 138 385 vous
157 348 324 383 honorez
329 373 419 383 ......
445 360 460 376 >2

522 457 588 492 VI.

97 572 137 624 [ᾗ
166 572 249 622 28.]
275 573 330 608 Le
352 570 503 620 roiprit
526 570 562 605 la
577 569 710 617 parole
736 575 772 604 et
801 568 858 604 dit
884 581 892 604 :
925 583 941 601 «
969 568 1080 605 Com-

41 632 133 670 bien
153 631 199 668 de
219 630 290 666 fois
314 627 433 675 t'ai-je
453 629 573 664 averti
595 634 632 663 et
658 627 833 663 ordonne
860 626 907 662 de
932 638 981 663 ne
997 627 1082 675 plus

36 691 192 740 *repeter
224 702 272 725 en
304 700 365 724 ma
395 688 574 736 presence
617 699 677 722 ces
709 685 824 721 fables
853 697 927 733 que
964 680 1005 721 tu
1041 698 1081 722 as

36 746 216 787 ''trouvees
237 755 275 784 et
296 748 480 796 apprises,
497 754 534 782 et
561 745 654 794 qu'il
678 758 726 781 ne
749 745 995 793 t’appartient
1014 758 1081 794 pas

39 809 94 846 ·de
120 820 182 844 me
208 806 407 844 raco'nter?
435 803 481 842 Je
509 805 573 841 t'ai
589 804 747 853 menage
775 803 797 839 a
817 816 927 847 cause
952 803 1000 840 de
1027 796 1092 841 tes'

9 894 13 898 -
40 867 200 904 services
219 873 256 901 et
279 877 391 913 parce
406 877 480 913 que
490 861 685 913 j'esperais
701 875 774 910 que
791 870 832 898 tu
848 862 1080 900 reviendrais

6 931 7 934 ’
42 937 92 963 au
116 926 197 961 vrai
222 926 345 973 culte,
373 936 421 960 en
447 923 609 960 adorant
635 924 687 958 les
718 922 892 958 divinites
919 923 1014 959 dont
1040 931 1082 959 tu

42 985 202 1022 offenses
222 983 270 1019 de
301 995 478 1019 nouveau
499 983 713 1018 l'honneur.
736 983 793 1017 Tu
814 982 1000 1030 invoques
1030 996 1082 1018 un

42 1050 150 1081 autre
177 1042 359 1081 Createur
384 1042 538 1087 inutile,
566 1049 604 1078 et
625 1049 667 1077 tu
692 1048 868 1089 outrages
894 1054 988 1078 ceux
1016 1044 1083 1091 qui

42 1110 130 1140 sont
148 1103 333 1138 vraiment
352 1103 561 1146 cientem—s,
575 1101 698 1136 meme
717 1101 752 1136 la
769 1100 911 1149 grande
933 1102 1083 1138 Anahid

43 1163 111 1210 qui
133 1160 259 1197 vivifie
286 1169 323 1197 et
349 1162 508 1209 protege
533 1159 751 1196 l'Armenie.
770 1161 828 1194 Tu
856 1171 903 1195 en
933 1159 1000 1196 fais
1038 1161 1085 1197 de

43 1221 166 1257 meme
191 1233 292 1268 pour
316 1220 350 1255 le
377 1218 498 1268 grand
525 1226 562 1254 et
586 1218 664 1253 fort
683 1217 893 1261 Aramazd,
914 1219 1086 1255 createur

0 1299 2 1301 ·
45 1279 99 1316 du
125 1280 196 1316 ciel
223 1285 261 1315 et
287 1278 389 1314 dela
421 1285 534 1313 terre.
555 1278 632 1312 Nos
663 1283 787 1311 autres
813 1275 1014 1324 divinites‚
1045 1285 1086 1313 tu

2116 143 2194 182 129

1157 221 1210 256 les
1234 219 1400 268 appelles
1424 226 1584 256 muettes
1611 227 1648 256 et
1674 221 1873 260 insense'es.
1896 226 1999 262 Dans
2034 235 2102 264 ton
2128 242 2192 265 ar-

1156 290 1340 327 rogance,
1366 285 1407 313 tu
1431 291 1528 314 nous
1551 290 1590 315 as
1610 281 1812 329 outrages‚
1830 295 1877 317 en
1899 297 1995 321 nous
2018 289 2197 336 appelant

1157 338 1327 373 chevaux
1358 344 1395 373 et
1421 338 1571 375 mulets.
1598 338 1666 384 Or,
1681 341 1843 388 puisque
1871 349 1912 377 tu
1943 356 1980 379 as
2003 349 2197 384 accumule

1157 404 1238 432 tant
1264 396 1490 442 d'offenses,
1507 410 1554 433 en
1581 411 1678 434 nous
1697 409 1923 447 comparant
1944 404 2066 440 meme
2088 405 2109 441 a
2132 406 2197 443 des

1157 458 1333 493 animaux
1346 486 1356 505 ,
1376 457 1415 505 je
1432 465 1468 494 te
1488 459 1642 494 livrerai
1659 471 1733 494 aux
1753 467 1982 507 tourments‚
1995 462 2033 509 je
2051 466 2198 500 mettrai

1155 528 1208 551 un
1233 515 1331 552 frein
1347 514 1377 552 ’a
1394 523 1432 553 ta
1448 517 1605 566 langue,
1628 517 1704 552 afin
1733 529 1807 565 que
1838 526 1879 553 tu
1899 520 2028 556 saches
2054 534 2127 569 que
2156 535 2198 558 ce

1156 582 1241 611 sont
1259 575 1312 611 les
1331 577 1482 624 paroles
1498 589 1573 625 que
1592 584 1631 612 tu
1651 589 1689 612 as
1711 578 1776 612 ose
1797 578 1947 625 repeter
1969 579 2106 615 devant
2121 581 2200 616 moi

1158 635 1224 682 qui
1246 646 1294 671 en
1313 643 1399 671 sont
1423 647 1547 672 cause.
1568 637 1612 672 Je
1630 633 1694 671 t'ai
1721 635 1787 671 fait
1807 649 1860 671 un
1880 637 2202 684 grand·honneur

1158 706 1206 728 en
1225 693 1405 742 daignant
1426 695 1556 742 parler
1575 707 1664 731 avec
1693 695 1770 743 toi,
1790 702 1828 730 et
1850 701 1892 730 tu
1910 693 1999 732 m'as
2025 696 2201 745 repondu

1156 765 1303 789 comme
1331 754 1353 789 a
1375 767 1427 789 un
1451 755 1547 803 egal.
1576 770 1592 786 »

1209 809 1249 861 [ἓ
1266 812 1351 860 29]
1368 814 1415 848 Et
1428 814 1453 848 il
1463 813 1636 849 ordonna
1654 813 1772 862 qu'on
1783 814 2070 850 luiattachatles
2085 815 2202 850 mains

1156 870 1326 907 derriere
1352 872 1387 907 le
1410 872 1501 919 dos,
1531 873 1649 921 qu'on
1677 874 1732 908 lui
1758 875 1828 909 mit
1846 886 1900 909 un
1925 886 2030 908 mors
2054 873 2147 908 dans
2168 874 2202 910 la

1154 928 1329 973 bouche,
1349 942 1423 966 une
1446 931 1588 979 grande
1619 932 1789 979 quantite
1819 931 1867 968 de
1894 933 1947 968 sel
1967 945 2031 968 sur
2052 933 2086 968 le
2109 932 2199 979 dos,

1157 987 1275 1036 qu’on
1287 987 1340 1023 lui
1355 990 1420 1025 liat
1430 991 1465 1026 la
1478 992 1664 1038 poitrine3
1678 998 1730 1037 et,
1745 1004 1793 1027 au
1804 1004 1946 1039 moyen
1960 991 2074 1027 d'une
2086 991 2202 1027 corde

1156 1047 1326 1082 attachee
1353 1060 1427 1084 aux
1454 1050 1575 1085 mains
1595 1057 1633 1085 et
1655 1063 1728 1086 aux
1743 1050 1865 1098 pictis,
1891 1050 2008 1098 qu'on
2027 1051 2062 1087 16
2087 1051 2202 1087 hissat

1158 1117 1249 1141 avec
1261 1119 1334 1142 une
1348 1108 1534 1153 machine,
1547 1108 1567 1143 a
1579 1108 1757 1144 l’endroit
1767 1109 1801 1144 16
1814 1110 1899 1157 plus
1913 1110 2015 1146 eleve
2026 1109 2090 1146 des
2101 1123 2203 1146 murs

1158 1164 1210 1200 du
1228 1165 1362 1212 palais.
1383 1167 1416 1201 Il
1436 1174 1532 1202 resta
1559 1168 1654 1203 ainsi
1681 1169 1728 1203 lic·
1748 1168 2088 1205 tres-etroitement
2109 1182 2202 1217 pen-

1159 1222 1250 1257 dant
1269 1231 1353 1271 sept
1369 1222 1494 1269 jours.
1521 1225 1640 1274 Apres
1655 1239 1697 1262 ce
1713 1233 1852 1274 temps,
1872 1229 1907 1263 le
1936 1228 1996 1263 roi
2025 1227 2201 1264 ordonna

1165 1281 1283 1327 qu'on
1299 1283 1334 1318 le
1356 1283 1516 1320 delivrat
1539 1285 1586 1320 de
1606 1298 1663 1321 ses
1684 1286 1777 1322 liens
1801 1287 1923 1322 cruels
1940 1294 1976 1322 et
1995 1286 2110 1335 qu'on
2134 1287 2203 1323 1⁷a-

690 1351 2204 1370 Ἣ

891 1423 1058 1464 CAPUT
1088 1426 1356 1473 QUARTUM.

377 1526 609 1577 Supplicia,
632 1525 773 1576 quibus
795 1525 980 1576 Greqoriz·
998 1531 1262 1567 conslantiam
1273 1528 1468 1582 sranqere
1487 1535 1635 1572 nititur
1652 1534 1874 1573 Teredates.

99 1657 122 1706 S
140 1655 203 1694 28.
219 1652 428 1694 Ὑπολαὸὼν
456 1650 492 1690 δὲ
521 1654 538 1690 ὃ
561 1650 743 1704 βασιλεὺς,
761 1644 854 1689 εἶπεν
873 1652 968 1704 αὐτῷ
981 1666 990 1675 ·
1008 1654 1082 1691 Πο-

46 1713 145 1757 σάκις
167 1728 206 1751 σε
228 1711 438 1759 ἓνουτέθησα
459 1710 519 1749 καὶ
540 1709 788 1761 ἐνετειλάμην,
804 1708 862 1748 ἵνα
889 1710 937 1761 μὴ
967 1711 1084 1749 δευτε-

48 1773 161 1827 ρώσῃς
173 1771 219 1810 τὰ
235 1771 434 1822 πλάσματα
452 1773 521 1808 τῶν
540 1768 782 1820 μυθευομένων
800 1785 862 1808 σου
894 1770 1061 1823 ῥημάτων
1074 1800 1084 1818 ,

44 1833 68 1872 ἃ
89 1832 265 1886 συρράψαι
292 1830 518 1880 μεμάθηκας;
547 1829 625 1867 οὐδὲ
659 1828 726 1880 γὰρ
755 1828 881 1881 πρέπει
903 1845 942 1866 σε
963 1831 1084 1867 λαλεῖν

44 1896 172 1930 ταῦτα.
234 1889 345 1940 Κάγὼ
366 1888 560 1941 ἐφεισάμην
581 1902 662 1935 σου,
679 1889 725 1930 ὡς
741 1888 978 1939 κεκμηκότος,
994 1886 1087 1931 ὅπως

45 1950 149 2003 ἔλθῃς
169 1952 216 1993 εἷς
239 1949 408 1995 εὐθύτητα
430 1947 545 1985 σέὸειν
566 1946 644 1989 τοὺς
664 1947 773 1989 θεούς.
834 1945 885 1986 Σὺ
903 1947 938 1985 δὲ
959 1947 1086 1985 ἐπιδα-

44 2007 116 2047 λὼν
156 2008 252 2061 ἄλλῳ
288 2007 352 2053 τὴν
387 2006 492 2056 τιμὴν
520 2007 648 2054 αὐτῶν,
671 2004 708 2043 ὃν
740 2005 780 2043 ἂν
814 2005 919 2058 βούλῃ
932 2037 942 2054 ,
970 2006 1088 2049 καλεῖς

45 2066 211 2117 ποιητὴν,
226 2065 378 2111 καὶτοὺς
391 2066 492 2108 ὄντας
513 2066 651 2111 ἀληθῶς
666 2064 815 2115 ποιητὰς
838 2065 985 2117 ὓὸρίζεις
999 2095 1009 2115 ,
1026 2065 1086 2103 καὶ

47 2127 111 2176 τὴν
132 2127 290 2179 μεγάλην
304 2124 467 2178 Ἄρτεμιν
482 2154 493 2172 ,
511 2125 544 2162 ἐν
562 2118 583 2174 ἧ
602 2126 643 2175 ζῇ
663 2123 724 2161 καὶ
741 2123 831 2170 ζωὴν
853 2124 926 2175 ἔχει
942 2127 964 2171 ἡ
984 2123 1087 2176 χώρα

47 2190 109 2233 τ’ῆς
131 2185 336 2239 Ἀρμενίας,
358 2184 419 2223 σὺν
443 2183 554 2232 ταύτῃ
575 2183 633 2221 καὶ
654 2183 711 2221 τὸν
733 2183 976 2235 ἀνδρειότατον
997 2183 1084 2230 Δία,

49 2246 106 2285 τὸν
126 2243 274 2292 ποιητὴν
302 2244 448 2296 οὐρανοῦ
463 2241 524 2280 καὶ
537 2243 601 2292 γ’ἧς
614 2270 625 2291 ,
643 2241 732 2292 μετὰ
747 2241 782 2279 δὲ
798 2244 917 2279 τοῦτον
935 2242 995 2278 καὶ
1010 2240 1088 2284 τοὺς

47 2306 173 2348 ἄλλους
187 2303 300 2350 θεοὺς,
316 2301 466 2345 καλέσας
483 2300 638 2353 ἀψύχους
655 2300 716 2338 καὶ
737 2300 886 2343 ἀλάλους
899 2316 906 2324 ·
927 2299 988 2338 καὶ
1002 2304 1087 2350 ἡμῖν

47 2364 84 2403 δὲ
118 2362 288 2408 ἐξέτεινας
319 2360 449 2414 ῧὸρεις,
504 2359 731 2409 Ἔτόλμησας
753 2358 822 2410 γὰρ
855 2361 962 2397 εἰπεῖν
995 2361 1089 2408 ἡμᾶς

46 2423 174 2467 ἵππους
195 2421 255 2460 καὶ
275 2419 438 2472 ἡμιόνους
452 2450 462 2466 ,
480 2419 539 2458 καὶ
556 2419 674 2461 πάσας
694 2418 867 2470 λοιδορίας
887 2422 1086 2469 προστεθει·

17 2507 20 2509 Δ
47 2480 333 2535 κως,ἐθάρρησάς
347 2495 383 2517 τε
398 2479 541 2530 ἀλόγους
556 2478 601 2530 (f.
622 2477 745 2528 ἄλογα)
761 2480 856 2527 ἡμᾶς
871 2480 994 2515 εἰπεῖν.
1017 2478 1088 2514 Νυν

51 2542 233 2595 περιοαλω
253 2556 291 2578 σε
313 2555 347 2578 εν
373 2538 556 2592 βασάνοις,
580 2553 641 2575 και
662 2538 774 2586 κημὸν
792 2536 975 2587 ἐμὸαλω’
961 2552 995 2572 εν
1013 2540 1090 2578 ταῖς

50 2601 208 2653 σιαγόσιν
224 2615 301 2646 σου,
310 2598 367 2637 ι’να
382 2614 472 2670 γνῳς
482 2613 543 2643 την
560 2595 781 2646 ματαιότητα
794 2612 862 2633 των
876 2611 945 2633 σων
960 2594 1087 2644 λόγων,

50 2660 107 2705 οὒς
122 2659 357 2712 προελάλεις’
343 2674 398 2695 εν(
401 2673 490 2695 1πιον
507 2671 592 2705 μου,
607 2654 659 2693 οτι
673 2654 731 2691 διὰ
746 2654 857 2693 ταῦτά
866 2669 920 2692 σοι
938 2653 1085 2703 ἐγένετο.

51 2719 126 2760 Καὶ
145 2723 246 2758 τοῦτο
260 2748 270 2768 ,
291 2733 401 2770 φησι,
419 2716 510 2788 μέγα
531 2714 585 2752 σοί
610 2715 727 2759 ἐστιν,
746 2712 799 2751 ὅτι
815 2713 1020 2759 ἐλάλησας’
1006 2727 1090 2749 ενω-

50 2779 129 2819 πιόν
146 2795 231 2829 μου,
247 2793 307 2816 και
328 2774 482 2826 ἐτίμησά
503 2789 563 2821 σε,
582 2772 642 2811 καὶ
661 2772 792 2816 ἔδωκάς
810 2787 868 2822 μοι
885 2770 1069 2823 ἀπόκρισιν
1081 2801 1090 2818 ,

51 2841 96 2883 ὥς
113 2841 163 2891 τῷ
184 2840 235 2890 σῷ
251 2834 393 2888 ἑταίρῳ.

106 2899 129 2949 S
151 2911 215 2948 29.
240 2894 313 2935 Και
343 2893 558 2932 ἐκέλευσενέ
544 2908 559 2930 ε
562 2891 722 2943 ξάγκωνα
752 2892 857 2937 δησαι
886 2889 1004 2936 αὐτὸν,
1028 2905 1088 2927 και

52 2956 166 3007 κημὸν
189 2971 222 2993 εν
244 2957 294 3006 τῷ
313 2952 582 3002 στόματιαυτοῦ
600 2953 736 2998 δοῦναι,
754 2965 813 2988 και
840 2964 901 2987 του
924 2950 1008 3000 παρ’
1027 2949 1087 2985 αὖ-

51 3018 122 3059 τοῒς
137 3013 304 3058 λαξευτου
321 3011 447 3054 ἅλατος
466 3011 596 3062 βώλους
612 3011 780 3048 ἐπιθεῖναι
795 3006 887 3046 κατὰ
901 3010 960 3045 τοῦ
980 3006 1088 3044 νώτου

53 3076 160 3113 αὓτου
173 3104 184 3125 ,
210 3088 271 3112 και
302 3068 639 3122 στραγγαλώσαντες
671 3068 773 3105 αὐτὸν
806 3070 849 3119 τῇ
882 3065 1087 3119 στραγγάλῃ

54 3133 145 3173 κατὰ
174 3137 237 3171 τοῦ
265 3129 411 3175 στήθους
440 3127 677 3179 κατασφίγξαι
698 3142 757 3164 και
779 3127 1089 3195 ἀνακρεμασθῆναι

56 3194 91 3232 ἐν
108 3190 319 3246 υψηλοτάτῳ
341 3187 437 3240 τόπω
457 3190 516 3224 τοῦ
536 3185 695 3235 δώματος
710 3201 772 3223 του
791 3183 964 3222 παλατίου
983 3183 1088 3220 αὐτοῦ

57 3251 113 3290 διὰ
131 3251 336 3303 μηχανικῶν
354 3246 523 3299 ὀργάνων.
582 3244 687 3284 Kal*
670 3259 803 3293 εμεινεν
827 3242 936 3285 οὕτως
951 3241 1088 3294 κρεμά-

59 3326 158 3362 μενος
177 3308 266 3348 ἑπτὰ
282 3306 418 3359 ἡμέρας
431 3337 441 3357 ,
462 3321 522 3343 και
545 3303 722 3342 ἐκέλευσεν
748 3301 806 3340 καὶ
831 3301 958 3339 ἔλυσαν
985 3299 1088 3337 αὐτὸν

59 3368 129 3408 ἀπὸ
142 3385 210 3407 των
225 3364 447 3420 πικροτάτων
462 3364 523 3403 καὶ
543 3362 747 3431 δεινοτάτων
766 3360 926 3413 βασάνων
942 3358 1085 3399 τούτων.

181 3447 248 3470 mm
270 3445 349 3468 APAs
371 3443 500 3467 CA‘rlNA-

1200 1654 1287 1696 §28.
1307 1659 1350 1689 At
1378 1667 1433 1690 rex
1465 1659 1666 1701 respondens
1694 1660 1735 1692 ad
1767 1669 1845 1692 eum
1872 1659 1953 1691 dixit
1980 1659 2144 1698 :Quoties
2171 1660 2204 1692 te

1159 1723 1273 1756 monui
1291 1726 1324 1756 et
1342 1724 1400 1757 tibi
1417 1726 1576 1767 praecepi,
1592 1728 1630 1758 ut
1647 1735 1710 1758 non
1727 1729 1893 1768 repeteres
1910 1726 2066 1767 figmenta
2083 1725 2202 1758 verbo·

1159 1799 1233 1821 rum
1251 1790 1473 1823 fabulosorum
1484 1816 1491 1830 ‚
1520 1800 1594 1832 quae
1634 1791 1858 1824 consarcinare
1889 1790 2032 1823 didicisti
2062 1804 2069 1821 :
2099 1799 2205 1831 neque

1160 1858 1251 1890 enim
1266 1860 1299 1891 te
1309 1859 1404 1892 decet
1423 1860 1501 1892 talia
1517 1860 1619 1901 loqui.
1635 1861 1769 1902 Peperci
1785 1860 1857 1899 tibi,
1872 1862 1909 1892 ut
1925 1859 1982 1900 qui
1994 1859 2203 1898 laboraveris,

1160 1927 1198 1958 ut
1219 1926 1260 1958 ad
1279 1929 1400 1959 rectam
1421 1928 1582 1960 rationem
1601 1928 1738 1960 accedas
1750 1929 1780 1960 in
1792 1928 1885 1959 cultu
1909 1927 2058 1959 deorum.
2104 1927 2147 1958 At
2167 1927 2206 1958 tu

1160 1988 1290 2021 illorum
1304 1989 1464 2022 honorem
1483 1991 1683 2023 transferens
1701 1990 1743 2022 ad
1760 1989 1878 2030 alium,
1900 1998 1999 2030 quem
2015 1988 2075 2020 tibi
2094 1988 2203 2028 lubet,

1161 2056 1249 2089 hunc
1266 2058 1422 2091 factorem
1444 2068 1543 2091 vocas
1556 2085 1564 2099 ,
1589 2068 1728 2100 eosque,
1748 2058 1806 2100 qui
1825 2067 1901 2091 vere
1921 2058 2095 2090 effectores
2110 2058 2203 2097 sunt,

1161 2126 1368 2158 contumeliis
1384 2126 1515 2167 impetis
1528 2151 1535 2165 ,
1554 2128 1587 2158 et
1616 2134 1768 2166 magnam
1788 2124 2009 2163 Artemitlem,
2026 2133 2084 2164 per
2103 2131 2205 2164 quam

1160 2190 1242 2223 vivit
1253 2192 1287 2223 et
1299 2191 1446 2232 vigorem
1464 2190 1564 2222 habet
1579 2189 1744 2231 provincia
1755 2188 1916 2221 Armeniae
1931 2214 1938 2228 ‚
1958 2196 2098 2228 cumque
2118 2195 2157 2219 ea
2172 2187 2205 2218 et

1161 2257 1377 2290 fortissimum
1393 2258 1522 2296 Jovem,
1538 2256 1613 2288 eoeli
1628 2258 1661 2288 et
1677 2257 1774 2288 terrae
1788 2255 1939 2296 opificem
1950 2279 1958 2293 ,
1973 2255 2046 2295 post
2062 2253 2150 2285 hunc
2172 2253 2206 2284 et

1161 2323 1242 2355 alios
1255 2323 1345 2362 deos,
1361 2331 1444 2363 quos
1458 2321 1584 2354 vocasti
1596 2321 1755 2355 inanimes
1769 2322 1802 2352 et
1815 2321 1944 2357 mutos,
1958 2321 1990 2350 et
1999 2318 2038 2350 ad
2053 2326 2113 2349 nos
2126 2327 2204 2358 quo-

1161 2396 1226 2427 que
1236 2385 1369 2427 injurias
1382 2384 1568 2417 extendisti.
1605 2383 1797 2415 sustinuisti
1815 2383 1903 2415 enim
1912 2392 1973 2414 nos
1983 2381 2092 2414 dicere
2103 2388 2206 2421 equos

1162 2454 1195 2484 et
1213 2451 1321 2483 mulos
1333 2476 1340 2490 ‚
1356 2458 1553 2489 omnemque
1576 2447 1733 2489 adjiciens
1758 2446 1987 2479 contumeliam
2000 2471 2007 2485 ,
2028 2446 2128 2478 etiam
2150 2452 2203 2476 ra-

1162 2516 1260 2548 tionis
1274 2515 1424 2556 expertes
1443 2496 1502 2544 nos
1518 2512 1626 2543 dicere
1642 2520 1743 2543 ausus
1761 2520 1808 2543 es.
1826 2512 1919 2542 Nunc
1937 2509 2068 2542 tradam
2084 2510 2116 2541 16
2127 2517 2204 2541 eru-

1162 2579 1312 2617 ciatibus,
1330 2579 1363 2610 et
1376 2586 1509 2609 camum
1519 2574 1662 2617 injiciam
1674 2575 1815 2607 maxillis
1827 2574 1906 2613 tuis,
1924 2576 1962 2605 ut
1973 2572 2133 2614 percipias
2142 2580 2202 2603 va-

1163 2644 1298 2676 nitatem
1318 2642 1493 2674 verborum
1512 2642 1646 2672 tuorum
1659 2665 1667 2680 ,
1690 2648 1766 2680 quae
1791 2639 1922 2671 locutus
1946 2646 1982 2670 es
2000 2645 2111 2669 coram
2130 2644 2201 2674 me;

1163 2718 1239 2740 cuin
1264 2707 1297 2738 id
1323 2705 1382 2738 tibi
1405 2714 1517 2737 eorum
1542 2713 1642 2736 causa
1675 2703 1852 2744 contingat.
1897 2704 1938 2734 Et
1962 2701 2045 2741 hoc,
2073 2699 2198 2742 inquit,

1162 2772 1222 2805 tibi
1238 2780 1392 2813 magnum
1412 2772 1479 2809 est,
1499 2768 1585 2810 quod
1602 2768 1733 2800 locutus
1751 2766 1797 2798 sis
1817 2774 1928 2798 eoram
1945 2773 1999 2797 me
2011 2789 2020 2804 ,
2041 2765 2074 2796 et
2088 2764 2122 2796 tc
2140 2762 2200 2795 ho·

1162 2838 1353 2870 noraverim.
1399 2837 1441 2868 At
1456 2837 1493 2867 tu
1507 2834 1588 2866 mihi
1605 2831 1818 2874 respondisti,
1837 2833 1874 2864 ut
1892 2830 2011 2871 aequali
2027 2830 2098 2862 tuo.

1202 2902 1221 2943 §
1243 2904 1292 2933 29.
1311 2901 1401 2931 Tunc
1431 2897 1583 2929 manibus
1599 2896 1633 2927 in
1656 2898 1785 2936 tergum
1813 2892 1970 2926 revinctis
1989 2890 2115 2933 alligari
2130 2890 2202 2932 jus-

1162 2970 1223 3008 sit,
1244 2969 1277 3000 et
1296 2975 1426 2999 camum
1447 2965 1496 2997 ori
1523 2965 1593 3005 ejus
1623 2962 1740 3001 inseri,
1765 2968 1959 3001 massasque
1987 2958 2089 2991 excisi
2114 2960 2203 3001 apud

1160 3036 1250 3078 ipsos
1271 3034 1348 3067 salis
1369 3033 1467 3065 dorso
1485 3031 1556 3071 ejus
1573 3031 1712 3072 imponi3
1733 3028 2011 3068 constrictumque
2026 3026 2097 3058 loro
2114 3026 2202 3060 cirea

1160 3104 1275 3144 pectus
1323 3100 1451 3132 sortiter
1494 3098 1671 3139 stringente
1684 3123 1693 3137 ,
1731 3094 1887 3138 suspendi
1932 3094 1968 3126 in
2017 3092 2200 3127 celsissimo

1160 3170 1232 3202 1000
1268 3166 1380 3209 palatii
1401 3166 1451 3198 sui
1478 3174 1537 3207 per
1567 3165 1785 3198 instrumenta
1815 3161 2015 3195 mechanica.
2079 3159 2201 3194 Mansit

1161 3237 1270 3268 autem
1287 3235 1411 3275 septem
1424 3231 1541 3264 diebus
1560 3231 1607 3264 sic
1623 3239 1802 3273 suspensus
1817 3241 1825 3261 ι
1841 3230 1921 3262 tunc
1933 3253 1941 3269 ,
1958 3227 2091 3269 jubente
2105 3213 2199 3268 rege,

1163 3302 1329 3334 solverunt
1359 3299 1467 3341 ipsum
1495 3296 1709 3330 amarissimis
1737 3293 2096 3335 vehementissimisque
2122 3300 2198 3325 cru-

1165 3367 1303 3400 ciatibus
1318 3366 1390 3398 istis
1407 3380 1414 3398 2
1430 3365 1638 3406 serentesque
1650 3373 1726 3397 eum
1740 3363 1894 3396 stiterunt
1907 3361 1986 3403 regi.
2004 3363 2074 3394 Rex
2088 3360 2199 3392 autem

2079 3421 2096 3446 ⁹
