2294 3620
118 203 170 241 88
858 189 922 228 LE
949 175 1483 226 PSEUDO-BARDESANE.

119 289 275 325 10115165
293 298 386 335 pays
413 285 478 333 qui
499 275 586 320 sont
606 282 721 318 situes
744 292 792 316 au
819 277 919 314 nord
947 275 999 312 du
1028 275 1145 318 Pont,

121 348 213 384 dans
228 352 334 382 toute
349 346 387 380 la
408 343 562 380 contree
579 341 645 377 des
663 340 791 376 Alains
807 345 844 373 et
859 337 947 372 chez
964 335 1016 370 les
1036 332 1146 370 Alba-

121 407 222 451 nais,
250 405 339 441 chez
363 404 416 439 les
432 402 517 438 Zazi
537 398 704 450 (Sasses),
727 405 764 434 et
783 397 804 432 a
827 395 982 441 Brousa,
1005 392 1070 439 qui
1094 396 1147 426 est

121 466 238 501 situe'e
267 475 314 499 au
346 461 429 498 dela
458 460 510 496 du
537 461 669 496 Douro
691 455 766 508 (1),
793 468 843 491 011
868 465 917 489 116
946 459 1080 487 trouve
1106 448 1146 485 ni

122 524 328 571 sculpteur,
341 522 382 556 111
392 520 556 568 peintre,
582 518 622 553 ni
633 515 868 565 parfumeur,
886 512 925 546 ni
942 511 1144 557 changeur,

122 583 163 618 ni
179 584 306 631 po'e‘te.
328 580 433 618 Cette
458 576 643 614 inssuence
676 574 722 610 de
745 574 915 609 Mei-cure
948 576 985 604 et
1004 567 1050 603 de
1078 566 1148 603 ve-

123 653 193 677 nus
225 647 279 676 est
308 650 391 675 sans
426 636 514 673 effet
544 647 608 671 sur
636 639 740 669 toute
777 637 872 666 cette
901 626 1055 663 contr-ee
1096 624 1147 659 du

123 699 277 735 monde.

177 759 279 794 Dans
293 761 399 792 toute
417 755 454 790 la
472 751 616 796 Medie,
632 757 717 785 tous
734 749 788 783 les
807 747 977 781 hommes
996 754 1044 778 au
1063 753 1147 776 mo-

124 822 223 852 ment
239 815 286 851 de
302 815 383 850 leur
395 819 516 856 mort,
539 810 659 846 meme
681 805 810 856 quand
825 805 852 839 11
869 803 984 839 existe
1007 811 1148 836 encore

125 887 172 911 en
189 886 261 910 eux
276 886 328 909 un
343 878 437 908 reste
454 870 500 906 de
518 870 596 914 vie,
616 872 699 903 sont
713 865 807 912 jetes
820 874 893 898 aux
915 861 1058 905 chiens,
1081 859 1148 906 qui

124 939 302 982 mangent
321 932 372 967 les
391 928 567 966 cadavres
586 925 633 961 de
666 929 770 960 toute
790 923 823 957 la
844 919 981 956 Medic.
1005 918 1150 966 Cepen—

126 991 218 1028 dant
233 995 328 1025 nous
339 1000 386 1024 ne
404 997 576 1036 pouvons
590 995 656 1032 pas
671 983 752 1019 dire
767 992 840 1028 qne
856 986 940 1013 tous
953 978 1005 1012 les
1020 975 1149 1012 Medes

125 1050 247 1086 soient
259 1049 322 1083 nes
333 1059 381 1083 au
393 1050 559 1082 moment
573 1042 623 1078 ou
635 1043 670 1077 la
686 1042 793 1077 Lune
806 1051 843 1074 se
858 1045 990 1073 trouve
1004 1035 1148 1084 placee,

124 1120 196 1157 par
214 1112 373 1154 rapport
403 1103 423 1139 a
455 1114 526 1138 eux
539 1129 549 1147 ,
572 1113 661 1136 avec
679 1100 779 1135 Mars
798 1097 889 1133 dans
910 1096 945 1131 16
965 1095 1068 1143 signe
1096 1093 1150 1129 du

167 1192 212 1233 (1)
231 1193 275 1224 Le
289 1191 378 1223 texte
403 1189 454 1221 est
475 1195 591 1220 encore
609 1185 708 1218 altore
725 1193 766 1216 en
786 1183 839 1216 cet
855 1181 995 1214 endroit.
1016 1180 1145 1212 Eusebe

123 1239 228 1272 donne
239 1238 271 1270 la
287 1236 429 1268 variante
441 1234 557 1275 Ὠτηνῇ
569 1234 619 1265 καὶ
633 1232 749 1274 Σαυνίᾳ
758 1232 811 1263 καὶ
823 1231 853 1262 ἐν
871 1231 990 1270 Χρυσῇ.
1006 1231 1067 1261 Les
1085 1227 1147 1260 Re-

123 1283 300 1326 cognitions
323 1291 363 1315 ne
389 1280 608 1313 mentionncnt
631 1288 695 1320 que
713 1279 745 1311 la
765 1292 781 1305 «ι
811 1278 956 1316 Chrysea
982 1275 1088 1308 insula
1113 1289 1144 1306 n.

736 1432 916 1471 Eusebius,
935 1431 1112 1472 Praeparat.
1127 1428 1287 1470 evangel„
1309 1427 1372 1459 loe.
1391 1428 1461 1466 cit,
1480 1426 1500 1468 ξ
1525 1427 1634 1458 17-18.

124 1514 294 1566 ἀρκτικῶν
318 1513 430 1564 μερῶν
451 1513 509 1549 τοῦ
531 1509 664 1550 Πόντου
686 1508 795 1548 ἔθνεσι
818 1507 879 1547 καὶ
898 1506 962 1560 ὅλῃ
986 1510 1029 1560 τῇ
1049 1506 1157 1545 Ἀλα-

124 1572 181 1626 νίᾳ
202 1571 261 1610 καὶ
276 1570 442 1623 Ἀλὸανίᾳ
459 1569 517 1607 καὶ
538 1569 673 1620 Ὠτηνῇ
687 1568 746 1606 καὶ
766 1567 914 1619 Σαυνίᾳ,

181 1632 203 1682 5
221 1645 279 1679 17.
306 1629 365 1668 καὶ
385 1630 419 1666 ἓν
439 1630 562 1680 Χρυσῇ
586 1629 648 1666 οὐκ
664 1627 755 1665 ἔστιν
777 1627 860 1665 ἰδεῖν
877 1627 915 1664 οὒ
932 1623 1156 1678 τραπεζίτην,

125 1691 163 1728 οὗ
182 1691 359 1736 πλάστην,
380 1689 416 1725 οὐ
436 1687 633 1740 ζωγράφον,
653 1687 716 1724 οὐκ
731 1684 961 1738 ἀρχιτέκτονα
975 1714 985 1733 ,
1004 1686 1043 1723 οὗ
1062 1699 1156 1734 γεω-

129 1747 273 1799 μέτρην,
284 1748 321 1785 οὗ
336 1745 534 1799 φώνασκον,
556 1747 622 1797 οὐχ
637 1745 825 1797 ὑποκριτὴν
838 1743 1055 1794 ποιημάτων,
1073 1743 1150 1781 ἀλλ’

129 1805 312 1858 ἐστέρηται
331 1807 348 1842 ὁ
367 1807 427 1850 τῆς
444 1807 501 1842 τοῦ
520 1803 652 1856 Ἑρμοῦ
682 1806 741 1842 καὶ
758 1806 819 1850 τῆς
838 1802 1036 1855 Ἀφροδίτης
1062 1803 1152 1853 ἐνερ-

128 1863 222 1916 γείας
241 1863 364 1915 τρόπος
384 1864 417 1901 ἐν
441 1861 510 1916 δ’λῳ
523 1865 572 1901 τῶ
592 1862 708 1916 κύκλῳ
728 1861 838 1914 τούτῳ
857 1865 917 1909 τῆς
933 1862 1146 1911 οἰκουμένης.

182 1924 228 1962 Οἱ
275 1923 387 1969 Μῆδοι
417 1921 542 1965 πάντες
573 1924 643 1965 τοῖς
681 1920 769 1972 μετὰ
798 1922 950 1968 σπουδῆς
984 1920 1150 1973 τρεφομέ-

128 1997 197 2025 νοις
228 1980 306 2019 κυσὶ
345 1979 421 2024 τοὺς
470 1979 607 2033 νεκροὺς
636 1979 686 2019 ἔτι
718 1980 928 2031 ἐμπνέοντας
968 1979 1149 2031 παραὸάλ-

918 2079 1057 2119 Recogn.
1075 2079 1128 2109 Ps.
1146 2077 1264 2118 Glcm.‚
1286 2079 1343 2110 IX.
1364 2080 1477 2110 24-25.

127 2162 229 2211 apud
252 2162 436 2199 Sarmatas
463 2169 500 2198 et
519 2162 671 2209 Scythas
690 2168 802 2211 atque
822 2174 951 2198 omnes
973 2175 1056 2210 quae
1084 2161 1153 2197 sub

128 2233 198 2257 axe
217 2221 479 2269 septentrionis
502 2220 626 2268 jacent
646 2221 791 2256 Pontici
818 2221 939 2256 litoris
959 2228 1087 2270 gentes
1117 2228 1154 2256 et

127 2281 168 2315 in
199 2280 361 2328 Chrysea
389 2280 507 2315 insula
535 2284 730 2327 nunquam
760 2281 949 2316 invenitur
972 2281 1153 2328 trapezita

126 2351 196 2374 nec
208 2339 392 2386 sculptor,
415 2345 479 2374 aut
491 2339 634 2387 pictor,
649 2345 713 2374 aut
732 2339 966 2384 architectus,
982 2346 1045 2374 aut
1064 2351 1154 2388 geo-

126 2404 275 2444 metres,
289 2404 352 2433 aut
364 2397 566 2446 tragoedus,
580 2405 644 2432 aut
654 2405 767 2446 poeta
779 2412 787 2443 ;
800 2410 890 2446 ergo
908 2396 1036 2434 deficit
1051 2397 1154 2446 apud

128 2467 192 2491 eos
207 2457 386 2492 Mercurii
401 2457 626 2504 Venerisque
641 2457 885 2493 constellatio.

181 2513 243 2552 25.
266 2513 320 2550 Ex
338 2516 440 2550 omni
454 2515 547 2551 orbe
568 2523 755 2551 terrarum
770 2515 872 2552 Medi
888 2515 1153 2551 tantummodo

128 2584 271 2608 summa
292 2573 530 2610 observantia
551 2574 674 2610 adhuc
695 2576 876 2623 spirantes
893 2575 1067 2610 homines
1087 2587 1152 2610 ca-

128 2631 239 2666 nibus
258 2631 493 2668 devorandos
514 2631 719 2682 abjiciunt,
736 2641 774 2670 et
789 2646 866 2670 non
882 2634 932 2670 ob
952 2634 1027 2670 hoc
1049 2635 1152 2669 Mar·
1187 2668 1195 2678 ,

927 2718 1101 2759 Caesarius,
1125 2717 1352 2758 Quaestiones,
1375 2718 1438 2751 loc.
1457 2720 1516 2751 cic.

131 2789 239 2842 ματίᾳ
258 2790 317 2828 καὶ
342 2793 375 2828 ἓν
403 2793 535 2843 Σκυθίᾳ
566 2794 624 2831 καὶ
645 2797 677 2832 ἐν
698 2801 786 2833 πᾶσι
808 2801 878 2839 τοῖς
898 2796 1072 2839 ἐξωτικοῖς
1094 2796 1155 2845 μέ-

132 2863 204 2900 ρεσι
228 2852 287 2886 τοῦ
306 2849 439 2888 Πόντου
459 2850 585 2890 ἔθνεσιν
605 2853 670 2904 οὐχ
697 2846 766 2891 οἶόν
791 2869 829 2891 τε
855 2857 964 2906 εὑρεῖν
995 2854 1158 2892 κολλυὸι-

132 2905 214 2952 στὴν
241 2905 483 2955 ἢπλάστηνῆ
513 2910 713 2962 ζωγράφον,
741 2914 806 2964 οὐχ
834 2912 1085 2965 ἀρχιτέκτονα,
1117 2914 1155 2951 οὗ

132 2963 324 3015 φωνάσκον,
355 2967 421 3018 οὐχ
439 2969 627 3020 ὑποκριτὴν
649 2971 870 3021 ποιημάτων,
884 2973 930 3015 ὡς
945 2971 1029 3022 παρ’
1057 2974 1155 3022 ἡμῖν·

134 3020 190 3090 διὰ
211 3021 244 3059 τί
265 3022 397 3074 Ἑρμῆς
416 3025 474 3063 καὶ
491 3025 669 3079 Ἀφροδίτη
688 3029 725 3065 οὗ
745 3028 922 3081 παρέσχον
943 3030 1021 3067 κατ’
1042 3032 1156 3069 ἐνιαυ-

134 3093 190 3116 τον
211 3080 382 3131 ἐπιτυχεῖν
403 3084 605 3136 γεννωμένῳ
625 3088 695 3129 τοῖς
713 3087 909 3126 ἐκλείπουσι
932 3089 1016 3141 παρ’
1043 3089 1157 3133 αὐτοῖς

136 3136 381 3187 ἐπιτηδεύμασι
391 3156 401 3188 3

188 3195 300 3239 Μῆδοι
328 3196 363 3234 δὲ
398 3199 523 3243 πάντες
557 3201 645 3250 μετὰ
676 3205 827 3250 σπουδῆς
860 3204 910 3242 ἔτι
942 3205 1156 3256 ἐμπνέοντας

136 3249 214 3295 τοὺς
232 3252 424 3302 κάμνοντας
446 3257 524 3295 κυσὶ
547 3259 650 3311 βορὰν
670 3263 912 3312 προστιθέασιν
935 3264 1153 3317 ἀναλγήτως·

137 3307 214 3378 ⁶·va
231 3312 274 3362 τῇ
309 3311 438 3364 Μήνῃ,
475 3314 520 3358 ὥς
550 3331 657 3367 φατε,
682 3319 739 3356 τὸν
772 3318 877 3372 Ἄρεα
912 3323 968 3361 ἐπὶ
989 3326 1156 3376 ἡμερινῆς

136 3381 299 3420 γενεσεως
318 3371 352 3407 ἐν
371 3371 533 3425 Καρκίνῳ
551 3375 666 3421 Μῆδοι
689 3375 831 3430 ἔλαχον.
1016 3362 1021 3374 ¹

2287 213 2294 250 l

1221 270 1375 309 Cancer,
1397 259 1570 312 pendant
1585 261 1621 297 le
1637 259 1730 307 jour
1749 259 1801 294 011
1817 259 1844 294 11
1855 270 1963 308 passe
1977 269 2063 294 sous
2074 257 2111 294 la
2125 255 2260 296 Terre.

1220 326 1315 364 C’est
1337 323 1429 360 ainsi
1450 333 1549 370 que,
1575 320 1681 356 selon
1703 331 1745 355 ce
1773 318 1840 366 qui
1860 324 1916 353 est
1944 317 2063 363 ecrit,
2092 317 2265 354 naissent
2284 307 2294 362 ¹]

1221 397 1314 422 ceux
1333 383 1407 431 qui·
1416 387 1501 417 sont
1517 379 1670 428 manges
1688 390 1760 427 par
1779 377 1832 412 les
1847 376 1990 414 chiens.
2289 379 2294 391 ’

1273 444 1373 479 Το115
1387 442 1439 476 165
1450 439 1604 475 Indiens
1620 444 1706 473 sont
1717 437 1917 472 consumes
1932 447 2004 483 par
2019 435 2054 472 le
2069 434 2147 482 feu,
2164 435 2264 472 lors—
2292 430 2294 435 ¹

1222 502 1332 551 qu'ils
1344 505 1540 544 meurent5
1555 504 1590 534 et
1604 497 1808 544 beaucoup
1826 494 1873 531 de
1889 495 1991 530 leurs
2009 493 2165 531 femmes
2177 500 2266 531 sont
2285 520 2294 547 1

1221 561 1371 598 brulees
1400 557 1570 594 vivantes
1591 568 1682 591 avec
1710 567 1799 592 eux.
1830 550 2054 603 Cependant
2081 565 2182 590 nous
2209 563 2260 590 110
2288 547 2294 598 Ξ

1220 631 1396 670 pouvons
1416 629 1483 666 pas
1510 615 1592 652 dire
1613 627 1688 663 que
1706 621 1829 650 toutes
1847 613 1901 650 les
1919 612 2075 649 femmes
2107 612 2173 649 des
2196 600 2294 664 111-1

1224 678 1337 716 diens*
1350 677 1416 725 qui
1438 682 1524 712 sont
1539 673 1708 720 brulees,
1731 673 1854 709 soient
1867 673 1957 708 nees
1985 671 2158 721 pendant
2185 682 2267 720 que
2286 665 2294 720 ζ

1223 740 1321 774 Mars
1334 743 1371 772 et
1387 737 1423 771 le
1437 734 1554 771 Soleil
1572 745 1609 769 se
1619 730 1911 769 rencontrerent
1925 730 2020 768 dans
2035 731 2072 767 le
2083 731 2190 780 signe
2209 729 2267 767 du
2284 721 2294 773 l

1222 797 1335 841 Lien,
1354 793 1524 843 pendant
1539 793 1574 828 la
1590 792 1674 828 nuit
1687 790 1782 827 01111
1804 790 1942 839 passait
1960 801 2048 826 sous
2069 789 2107 826 la
2125 791 2266 834 Terre,
2286 783 2294 847 ξ

1224 867 1372 892 comme
1390 854 1555 889 naissent
1575 852 1629 887 les
1653 851 1826 886 hommes
1857 850 1926 898 qui
1949 856 2038 886 sont
2062 849 2266 886 consumes
2284 849 2294 931 i

1221 927 1292 965 par
1304 915 1338 949 le
1359 913 1436 951 feu.
2286 934 2294 956 ¹

1277 974 1379 1009 Tous
1397 973 1450 1007 les
1467 970 1661 1007 Germains
1674 975 1848 1005 meurent
1864 967 2051 1017 etrangles
2064 966 2087 1004 ὰ
2098 965 2267 1017 l’excep-
2287 971 2294 996 1

1229 1034 1309 1069 tion
1332 1031 1380 1068 de
1396 1043 1492 1067 ceux
1508 1030 1575 1078 qui
1589 1036 1677 1065 sont
1691 1029 1772 1064 tue's
1792 1040 1842 1064 en
1859 1026 2107 1064 comhattant.
2124 1026 2270 1076 Cepen-
2284 996 2294 1137 ἶ

1226 1092 1338 1137 dant,
1360 1089 1388 1126 il
1411 1089 1506 1125 n'est
1533 1100 1600 1138 pas
1622 1087 1789 1137 possible
1821 1086 1910 1136 qu’a
1928 1086 1968 1122 la
1993 1086 2192 1122 naissance
2221 1085 2271 1122 de

1229 1173 1396 1220 Epiphane
1411 1176 1462 1218 (p.
1483 1177 1559 1209 1091
1572 1174 1584 1217 )
1597 1174 1706 1207 donne
1723 1182 1790 1206 une
1803 1174 1899 1206 autre
1914 1172 2011 1213 160011
2029 1183 2037 1204 :
2054 1173 2075 1212 ἢ
2101 1163 2270 1215 Γερμανῶν
2288 1143 2294 1162 ⁴

1227 1226 1334 1267 χώρα,
1361 1226 1380 1263 ἢ
1408 1222 1588 1266 Σαρματία,
1608 1223 1628 1260 ἢ
1660 1221 1774 1254 ὁπόσοι
1803 1221 1835 1253 ἐν
1853 1223 1920 1257 τοῖς
1949 1221 2122 1261 Δαύνισιν,
2142 1220 2163 1259 ἢ
2185 1219 2272 1262 παρὰ

1228 1276 1346 1314 Ζιχοϊς.

1228 1505 1338 1543 λουσι·
1373 1501 1434 1541 καὶ
1473 1503 1511 1539 οὐ
1534 1502 1663 1545 πάντες
1698 1499 1760 1540 σὺν
1794 1503 1838 1554 τῇ
1860 1499 1970 1551 Μήνῃ
1995 1499 2055 1539 τὸν
2075 1498 2185 1552 Ἄρεα
2219 1499 2283 1552 ἔφή

1228 1564 1395 1615 ἡμερινῆς
1425 1561 1592 1612 γενέσεως
1626 1562 1662 1598 ἐν
1699 1559 1864 1613 Καρκίνῳ
1903 1558 1970 1597 ὑπὸ
2005 1562 2072 1611 γῆν
2109 1557 2266 1611 ἔχουσιν,

1283 1621 1384 1661 Ἰνδοὶ
1413 1619 1491 1664 τοὺς
1511 1619 1651 1672 νεκροὺς
1675 1619 1833 1666 καίουσι,
1869 1620 1946 1669 μεθ’
1971 1611 2021 1657 ῶν
2041 1617 2270 1670 συγκαίουσιν

1228 1681 1373 1725 ἑκούσας
1402 1680 1463 1724 τὰς
1481 1682 1659 1732 γυναῖκας·
1683 1678 1745 1718 καὶ
1766 1679 1804 1716 οὐ
1835 1677 1948 1724 δήπου
1967 1683 2081 1718 πᾶσαι
2107 1679 2144 1716 αἱ
2171 1677 2272 1717 καιό-

1230 1757 1331 1792 μεναι
1367 1742 1476 1786 ζῶσαι
1508 1739 1629 1779 Ἰνδῶν
1657 1740 1819 1791 γυναῖκες
1846 1737 1986 1789 ἔχουσιν
2029 1735 2098 1775 ὑπὸ
2125 1739 2191 1790 γῆν
2213 1737 2272 1776 ἐπὶ

1227 1802 1426 1853 νυκτερινῆς
1448 1799 1616 1851 γενέσεως
1640 1797 1704 1837 σὺν
1719 1796 1818 1850 Ἄρει
1845 1797 1903 1835 τὸν
1921 1794 2050 1837 (Ἥλιον
2083 1799 2120 1836 ἐν
2147 1795 2273 1836 Λέοντι

1229 1861 1332 1913 ὁρίοις
1349 1859 1459 1910 (fort.
1482 1858 1504 1906 ἢ
1524 1858 1650 1898 Λέοντι
1670 1858 1704 1896 ἓν
1723 1856 1848 1911 ὁρίοις)
1868 1854 2002 1909 Ἄρεος.

1277 1922 1298 1970 §
1335 1921 1395 1959 18.
1438 1919 1629 1971 Γερμανῶν
1662 1919 1694 1956 οἳ
1725 1918 1886 1956 πλεῖστοι
1920 1914 2143 1968 ἄγχονιμαίῳ
2175 1914 2274 1968 μόρῳ

1225 1978 1484 2026 ἀποθνήσκουσι
1504 1978 1564 2015 καὶ
1573 1978 1614 2016 ὀὖ
1634 1976 1774 2020 πάντως
1791 1974 1830 2014 τὸ
1849 1977 1980 2022 πλῆθος
1992 1976 2061 2013 τῶν
2079 1975 2272 2027 Γερμανῶν

1229 2168 1304 2197 tem
1327 2173 1414 2196 cum
1442 2162 1552 2196 Luna
1574 2171 1645 2208 per
1671 2158 1847 2194 diurnam
1866 2157 2048 2195 Genesim
2070 2157 2111 2192 111
2127 2156 2282 2194 Cancro'

1227 2221 1373 2268 positos
1391 2219 1548 2255 habent.

1283 2279 1369 2315 Indi
1390 2285 1564 2314 mortuos
1584 2289 1671 2313 suos
1698 2275 1926 2322 incendunt,
1948 2287 2037 2311 cum
2067 2274 2207 2324 quihus
2234 2286 2255 2312 e
2273 2315 2277 2321 ,

1229 2351 1366 2375 uxores
1386 2338 1657 2374 defunctorum
1679 2343 1814 2384 sponte
1833 2347 1871 2372 se
1886 2334 2086 2371 offerentes
2105 2345 2275 2370 exurun-

1229 2404 1304 2434 tur.
1329 2397 1403 2434 Sed
1422 2409 1501 2432 non
1523 2397 1610 2432 ideo
1632 2407 1776 2444 omnes,
1799 2406 1886 2443 quae
1901 2394 1995 2429 vivae
2010 2392 2272 2430 incenduntur

1231 2457 1418 2492 Indorum
1436 2457 1614 2491 mulieres
1628 2484 1638 2502 ‚
1655 2456 1696 2490 in
1714 2461 1904 2490 nocturna
1928 2453 2064 2490 Genesi
2085 2452 2154 2488 sub
2172 2459 2272 2490 terra

1230 2515 1371 2552 habent
1391 2515 1518 2551 Solem
1536 2527 1623 2550 cum
1641 2515 1763 2550 Marte
1787 2514 1828 2549 in
1847 2512 2022 2561 partibus
2043 2512 2187 2549 Martis.

1282 2574 1558 2611 Germanorum
1592 2572 1752 2622 plurimi
1781 2573 1921 2620 laqueo
1952 2571 2070 2606 vitam
2106 2568 2244 2606 finiunt
2256 2568 2275 2616 ,ἶ

1227 2645 1296 2668 nec
1317 2633 1463 2668 idcirco
1485 2645 1614 2668 omnes
1632 2634 1780 2668 Lunam
1799 2643 1886 2667 cum
1904 2631 2031 2675 Hora,
2047 2626 2212 2666 Saturno
2233 2634 2275 2664 et*

1286 2795 1390 2834 Ἰνδοὶ
1422 2795 1457 2834 δὲ
1481 2794 1558 2840 τοὺς
1574 2794 1716 2848 νεκροὺς
1741 2795 1873 2832 ἑαυτῶν
1899 2793 2144 2845 τεφροποιοῦσι
2162 2789 2245 2843 πυρὶ
2272 2799 2274 2802 “

1233 2854 1310 2904 μεθ’
1331 2849 1379 2892 ῶν
1408 2853 1667 2907 καταφλέγουσί
1700 2869 1803 2893 τινων
1835 2851 1897 2895 τὰς
1929 2849 2114 2902 συμὸίους.
2136 2849 2209 2888 Καὶ
2230 2866 2248 2889 ο

1229 2913 1346 2968 δήπου,
1363 2920 1477 2953 πᾶσαι
1508 2916 1543 2952 αἱ
1578 2914 1794 2966 πυριάλωτοι
1822 2911 1942 2952 Ἰνδῶν
1973 2909 2134 2962 γυναῖκες
2163 2907 2187 2955 ἢ
2228 2924 2250 2948 οι

1229 2973 1339 3016 ζῶσαι
1371 2971 1497 3026 ἔλαχον
1519 2973 1586 3011 ὑπὸ
1617 2976 1679 3020 τῆς
1696 2973 1899 3025 νυκτερινῆς
1930 2967 2162 3011 συνελεύσεως
2194 2969 2265 3006 τῶν

1228 3030 1355 3082 γονέων
1382 3030 1443 3069 σὺν
1461 3030 1557 3084 Ἄρει
1584 3031 1641 3070 τὸν
1658 3030 1811 3079 “Ήλιον,
1838 3030 1874 3067 ἐν
1905 3026 2004 3068 νυκτὶ
2027 3026 2077 3078 μὴ
2098 3025 2269 3079 φαίνοντα

1229 3090 1264 3127 ἐν
1285 3090 1424 3143 μοίραις
1439 3088 1575 3143 Ἄρεος.

1281 3150 1472 3201 Γερμανῶν
1500 3151 1531 3188 οἱ
1559 3148 1698 3193 πλείους
1718 3147 1852 3201 ἀγχόνῃ
1881 3150 1942 3186 τοῦ
1967 3147 2028 3193 ζῆν
2046 3143 2253 3194 ἀμείὸονται

1227 3207 1287 3245 καὶ
1307 3209 1344 3246 οὗ
1364 3207 1504 3252 πάντως
1518 3208 1557 3247 τὸ
1578 3209 1709 3254 πλῆθος
1730 3208 1921 3260 Γερμανῶν
1941 3204 2004 3251 τὴν
2025 3202 2186 3250 Σελήνην
2206 3201 2267 3241 καὶ

1226 3264 1287 3312 τὴν
1307 3265 1402 3318 ὥραν
1427 3265 1789 3318 μεσολαμὸανομένας
1811 3264 1888 3315 ,ὑπὸ
1908 3263 2042 3316 Κρόνου
2063 3261 2124 3300 καὶ
2141 3259 2265 3313 Ἄρεος

1227 3324 1379 3376 ἔχουσιν.
1403 3325 1497 3365 Ἀλλ’
1528 3327 1563 3365 ἐν
1583 3326 1689 3364 παντὶ
1710 3325 1796 3364 ἔθνει
1825 3323 1958 3376 ἡμέραι
1980 3323 2114 3374 βροτοῖς
2135 3319 2270 3370 γένωνή

1225 3398 1284 3422 ται
1314 3384 1418 3437 (lege
1434 3399 1446 3422 :
1466 3384 1525 3423 καὶ
1550 3383 1667 3437 ἡμέρᾳ
1699 3383 1816 3438 βροτοὶ
1836 3380 2063 3435 γεννῶνται),
2093 3380 2129 3417 οὗ
2151 3378 2225 3431 κρεί
