2294 3620
638 130 703 170 LE
731 129 884 170 LIVRE
913 130 983 170 DE
1009 128 1079 169 LA
1106 128 1192 169 LOl
1219 128 1317 170 DES
1346 125 1625 173 CONTREES.
2122 142 2170 181 81

73 221 145 257 Car
161 221 214 257 les
233 220 407 256 hommes
426 227 494 256 ont
513 220 629 256 e'tabli
656 221 721 256 des
740 221 811 257 lois
837 220 1059 257 differentes

20 292 69 317 en
85 279 261 316 deslieux
279 279 416 324 divers,
434 291 482 315 en
498 286 608 315 vertu
623 279 674 315 du
687 280 804 316 Libre
817 280 972 316 Arbitre
993 279 1059 328 qui

15 339 100 375 leur
117 350 139 374 a
158 338 217 374 ete
236 338 363 374 donne
381 349 454 386 par
471 337 586 373 Dieu.
615 338 671 372 En
692 337 782 374 effet
795 366 805 386 ‚
826 351 870 375 ce
892 338 972 374 don
988 339 1060 374 lui·

20 397 142 434 meme
169 403 223 433 est
241 397 387 446 oppose
408 396 429 432 ἐι
449 408 493 432 ce
511 395 653 432 hasard
673 395 739 432 des
756 398 975 434 Puissances
991 398 1058 446 qui

17 461 204 492 assument
221 467 286 491 sur
304 455 392 491 elles
416 467 458 491 ce
480 455 548 503 qui
563 467 612 490 ne
628 456 711 491 leur
726 468 747 492 a
760 469 828 506 pas
849 458 907 493 ete
921 457 1059 495 donne.

0 511 62 560 }Je
90 515 369 550 commencerai
386 525 460 562 par
481 513 608 562 parler
636 521 769 551 autaut
791 529 866 564 que
884 515 926 563 je
955 516 1057 552 m'en

0 573 215 623 }souviens‚
233 586 279 610 en
298 581 564 623 commencant
587 586 658 622 par
676 572 833 611 l’Orient
844 604 855 622 ‚
879 576 946 625 qui
962 582 1016 612 est
1028 576 1063 612 le

19 639 349 669 commencement
369 632 417 669 de
434 639 541 669 toute
561 633 801 673 l’humanite.

70 691 156 728 Lois
178 691 243 728 des
277 691 385 728 Seres
408 691 445 741 (1
463 691 492 741 ).
522 715 574 720 —
590 694 661 729 Les
684 693 792 730 seres
813 701 881 730 ont
907 694 972 731 des
992 695 1064 731 lois

19 751 86 799 qui
105 751 188 787 leur
205 750 411 787 defendent
430 751 479 787 de
504 758 601 798 tuer,
624 752 672 788 de
691 752 893 802 forniquer
923 761 960 790 et
980 754 1064 790 d’a-

22 803 141 840 dorer
167 803 233 840 des
251 803 392 850 idoles3
413 805 527 851 aussi,
551 805 644 841 dans
663 813 770 842 toute
787 807 823 842 la
842 807 978 856 region
1002 807 1066 843 des

16 860 128 902 vseres
140 890 150 908 ,
167 863 195 898 il
207 862 274 911 n'y
291 875 313 899 a
330 865 371 898 ni
391 863 533 910 idoles,
553 865 594 900 ni
616 866 866 914 prostituees,
888 867 928 901 ni
949 878 1064 902 assas-

21 922 119 968 sins,
138 923 179 958 ni
198 935 288 971 gens
313 924 531 970 assassine53
556 924 647 960 bien
669 937 743 973 que
763 926 815 961 les
835 925 961 972 Seres,
992 938 1066 962 eux

1135 220 1244 266 aussi,
1266 221 1430 257 naissent
1449 229 1532 258 tous
1547 223 1602 259 les
1620 223 1729 270 jours
1749 232 1785 261 et
1809 226 1830 261 ἐι
1850 233 1955 264 toute
1979 229 2111 269 heure.
2131 232 2178 267 Et

1138 279 1293 327 lorsque
1313 280 1412 315 Mars
1431 280 1466 316 le
1483 281 1596 317 Cruel
1613 288 1666 317 est
1684 283 1793 330 place
1807 295 1854 319 au
1874 292 2002 322 centre
2022 287 2075 323 du
2089 289 2175 337 ciel,

1137 337 1165 373 il
1184 335 1341 374 n’influe
1356 350 1424 386 pas
1441 351 1506 374 sur
1526 339 1561 375 le
1579 339 1696 376 Libre
1718 341 1871 378 Arbitre
1893 343 1956 379 des
1973 344 2079 381 seres
2095 374 2105 394 ‚
2129 347 2177 383 de

1137 396 1304 433 maniere
1329 396 1350 432 a
1373 396 1499 434 forcer
1516 411 1571 433 un
1594 398 1749 435 homme
1779 399 1801 435 ὲ
1820 401 2008 448 repandre
2031 404 2066 439 le
2087 417 2179 455 sang

1140 456 1188 493 de
1208 470 1281 493 son
1296 457 1502 494 semblable
1521 470 1613 494 avec
1629 471 1704 495 une
1721 472 1824 496 arme
1846 459 1894 496 de
1911 460 1980 497 fer.
2002 463 2175 511 Lorsque

1140 517 1265 553 venus
1284 523 1340 552 est
1352 528 1399 552 en
1420 515 1670 563 conjonction
1684 530 1774 554 avec
1792 519 1907 566 Mars,
1928 518 1997 555 elle
2011 519 2178 570 n'oblige

1138 586 1207 623 pas
1220 588 1298 611 non
1311 575 1396 623 plus
1407 587 1596 623 personne
1613 575 1757 612 d’entre
1773 577 1826 612 les
1846 576 1953 613 Seres
1967 577 1989 613 a
2005 579 2111 614 avoir
2126 592 2179 615 un
2202 585 2204 587 ’

1141 645 1359 670 commerce
1382 635 1556 670 criminel
1579 647 1668 671 avec
1683 635 1720 671 la
1745 635 1882 671 femme
1907 635 1952 673 de
1971 648 2043 672 son
2060 638 2183 673 voisin

1141 705 1192 728 ou
1209 705 1300 729 avec
1320 701 1426 730 toute
1446 701 1552 730 autre
1570 693 1721 732 femme.
1739 694 1950 741 Toutefois,
1973 708 2024 731 on
2046 703 2183 733 trouve

1142 753 1268 801 parmi
1284 765 1356 789 eux
1375 753 1440 789 des
1451 754 1575 789 riches
1594 761 1631 789 et
1645 754 1712 790 des
1729 766 1907 803 pauvres,
1929 754 1995 791 des
2015 755 2184 792 malades

1142 818 1179 847 et
1197 811 1261 847 des
1277 824 1366 861 gens
1385 813 1473 848 bien
1492 819 1681 862 portants,
1701 814 1766 850 oles
1780 822 2037 863 gouvernants
2057 822 2094 851 et
2119 815 2184 852 des

1141 869 1269 917 sujets‚
1288 883 1408 918 parce
1423 883 1498 919 que
1519 883 1580 907 ces
1597 872 1728 909 choses
1744 880 1832 909 sont
1848 873 2015 915 donnees
2030 886 2078 910 au
2091 886 2187 922 pou-

1144 929 1229 964 voir
1243 929 1308 965 des
1328 942 1602 978 gouverneurS.

64 1027 183 1069 (1)'Cs.
204 1027 308 1068 Pline,
326 1029 417 1060 Hist.
439 1030 531 1068 nat„
546 1028 602 1060 liv.
624 1030 681 1066 VI,
700 1029 752 1061 ch.
775 1031 823 1061 17.
838 1029 990 1069 —Solin‚
1011 1032 1089 1063 Rer.
1108 1040 1215 1064 mem.
1234 1033 1329 1072 coll„
1343 1033 1395 1065 ch.
1415 1036 1467 1066 53.
1483 1034 1736 1076 —Pomponius
1752 1034 1848 1074 Mela,
1865 1036 1916 1067 De
1935 1036 1992 1068 sit.
2008 1035 2098 1075 orb.‚
2111 1037 2139 1076 Ι,
2156 1040 2186 1068 2.

684 1166 864 1206 Eusebius,
883 1168 1027 1208 Praepar.
1042 1169 1205 1210 evangel„
1220 1171 1277 1209 VI,
1297 1174 1346 1210 10,
1368 1171 1387 1212 §
1407 1175 1425 1202 6
1439 1173 1472 1204 et
1489 1180 1538 1212 sq.

74 1241 215 1294 Νόμους
242 1242 359 1281 ἔθεντο
389 1242 575 1295 διαφόρους
607 1243 638 1281 οἳ
663 1241 838 1295 ἄνθρωποι
859 1244 894 1281 ἓν
927 1243 1059 1295 ἑκάστῃ
1097 1244 1104 1303 ’γ
1144 1239 1268 1296 μένην,
1289 1248 1327 1284 οὗ
1345 1247 1501 1294 κλέπτην
1521 1247 1707 1297 ἑλκόμενον
1728 1248 1787 1286 ἐπὶ
1801 1248 1919 1298 δίκην,
1938 1250 2002 1287 οὐκ
2024 1249 2191 1304 ἀνδροφό-

20 1300 146 1355 χώρᾳ,
176 1300 271 1345 τινὰς
293 1300 580 1353 γεγραμμένους,
613 1301 710 1345 τινὰς
747 1302 782 1339 δὲ
816 1302 1004 1355 ἀγράφους·
1032 1303 1066 1348 ἐξ

21 1354 70 1399 ὧν
91 1359 329 1410 διηγήσομαι,
351 1362 398 1404 ὥς
415 1353 493 1398 οἶδα
517 1360 577 1398 καὶ
595 1354 643 1399 ὧν
667 1360 879 1412 μέμνημαι,
902 1360 1062 1414 ἀρξάμε-

21 1435 76 1464 νος
92 1420 132 1457 ἐκ
151 1421 211 1466 τῆς
229 1422 291 1457 τοῦ
312 1418 446 1468 κόσμου
470 1421 597 1471 ἀρχῆς.

76 1477 196 1527 Νόμος
221 1476 297 1516 ἐστὶ
318 1476 417 1530 παρὰ
447 1477 580 1529 Σήραις
606 1477 741 1528 μηδένα
773 1477 948 1530 φονεύειν,
973 1477 1064 1528 μήτε

25 1534 204 1589 πορνεύειν
219 1567 230 1586 ,
252 1535 342 1586 μήτε
377 1535 562 1583 κλέπτειν,
599 1536 687 1586 μήτε
719 1535 824 1581 ξόανα
844 1542 1067 1589 προσκυνεῖν·

77 1596 99 1646 S
120 1609 156 1643 7.
175 1594 236 1634 καὶ
263 1597 298 1633 ἐν
324 1594 439 1647 ἐκείνῃ
461 1597 504 1646 τῇ
529 1595 677 1647 μεγίστῃ
694 1596 797 1650 χώρα
816 1597 854 1634 οὗ
871 1595 953 1634 ναὸν
976 1595 1071 1635 ἔστιν

25 1654 121 1702 ἰδεῖν,
140 1654 179 1692 οὗ
199 1658 351 1706 γυναῖκα
376 1652 564 1706 πορνικὴν,
588 1654 627 1691 οὖ
646 1655 838 1706 μοιχαλίδα
855 1655 1075 1706 ἐπονομαζο-

1140 1320 1211 1348 νον,
1228 1306 1265 1343 οὗ
1279 1305 1548 1358 πεφονευμένον·
1566 1307 1702 1350 οὐδενὸς
1718 1307 1785 1359 γὰρ
1800 1307 1839 1345 τὸ
1855 1307 2073 1352 αὐτεξούσιον
2088 1309 2192 1360 ἠνάγ-

1142 1378 1248 1402 κασεν
1273 1367 1291 1403 ὁ
1319 1367 1380 1402 τοῦ
1406 1365 1649 1417 πυριλαμπέος
1676 1364 1796 1417 Ἄρεος
1828 1365 1940 1417 ἀστὴρ
1967 1369 2190 1419 μεσουρανῶν

1148 1421 1258 1475 ἄνδρα
1283 1421 1415 1476 σιδήρῳ
1437 1425 1586 1471 ἀνελεῖν,
1616 1425 1654 1462 οὗ
1675 1424 1811 1477 Κύπρις
1832 1423 1894 1462 σὺν
1914 1424 2011 1476 Ἄρει
2029 1429 2187 1477 τυχοῦσα

1149 1481 1317 1534 ἀλλοτρίᾳ
1345 1481 1482 1534 γυναικὶ
1505 1482 1651 1534 μιγῆναί
1677 1498 1754 1521 τινα
1771 1483 1855 1537 παρ’
1876 1483 2036 1533 ἐκείνοις,
2053 1484 2192 1529 πάντως

1147 1539 1246 1593 πάσῃ
1261 1540 1378 1594 ἡμέρᾳ
1396 1545 1693 1593 μεσουρανοῦντος
1703 1545 1763 1580 τοῦ
1776 1539 1911 1594 Ἄρεος,
1928 1542 1989 1581 καὶ
1999 1541 2099 1596 πάσῃ
2113 1542 2190 1597 ὥρᾳ

1148 1599 1208 1638 καὶ
1231 1599 1345 1653 ἡμέρᾳ
1359 1598 1583 1651 γεννωμένων
1600 1602 1668 1639 τῶν
1690 1602 1831 1653 Σηρῶν.

654 1759 901 1805 Recognitiones
918 1760 1295 1802 Pseudo-clementinae,
1314 1763 1373 1802 IX,
1391 1763 1429 1794 19
1441 1762 1475 1794 et
1494 1770 1543 1803 sq.

81 1841 201 1888 Leges
217 1851 306 1875 sunt
321 1839 362 1874 in
380 1851 612 1887 unaquaque
634 1840 789 1888 regione
811 1841 871 1876 vel
888 1853 1007 1889 regno
1024 1840 1073 1876 ab

31 1898 252 1935 hominibus
271 1899 422 1947 positae,
445 1898 522 1934 sive
552 1899 741 1947 scriptura
769 1900 847 1935 sive
870 1900 985 1935 etiam
1004 1912 1077 1936 usu

32 1957 213 1994 durantes
224 1986 234 2004 ,
257 1969 352 2006 quas
367 1970 481 1993 nemo
499 1957 607 1994 facile
626 1958 912 2007 transgreditur.

15 2061 19 2065 ⁸
85 2018 260 2065 Denique
290 2017 404 2065 primi
435 2017 564 2063 Seres,
600 2018 667 2065 qui
700 2018 810 2053 initio
841 2018 944 2053 orbis
969 2024 1078 2054 terrae

31 2074 219 2120 habitant,
236 2076 357 2124 legem
375 2075 516 2111 habent
537 2087 663 2123 neque
681 2076 936 2124 homicidium
952 2089 1077 2124 neque

34 2133 264 2170 adulterium
287 2146 412 2182 neque
441 2142 610 2170 scortum
631 2147 751 2181 nosse,
771 2148 896 2183 neque
929 2135 1072 2171 furtum

34 2193 297 2238 committere,
319 2205 445 2241 neque
464 2193 567 2230 idola
587 2195 775 2240 venerari,
798 2202 835 2230 et
848 2195 887 2230 in
900 2195 961 2230 illa
976 2195 1080 2230 omni

30 2253 189 2301 regione
210 2265 294 2300 quae
315 2259 370 2288 est
399 2253 581 2298 maxima*
599 2265 726 2301 neque
758 2254 941 2302 templum
973 2252 1078 2289 inve-

31 2312 136 2347 nitur
165 2323 291 2360 neque
318 2312 561 2347 simulacrum
588 2324 715 2360 neque
744 2313 923 2348 meretrix
949 2324 1076 2360 neque

1152 1840 1342 1889 adultera,
1365 1853 1491 1890 neque
1517 1840 1580 1878 fur
1601 1841 1651 1877 ad
1671 1841 1860 1889 judicium
1881 1840 2100 1887 deducitur,
2126 1841 2193 1878 sed

1151 1912 1277 1948 neque
1297 1901 1442 1936 occisus
1463 1901 1518 1936 ibi
1536 1901 1654 1936 homo
1675 1900 1795 1936 fertur
1815 1900 2025 1948 aliquando
2040 1929 2050 1949 ,
2067 1907 2106 1936 et
2133 1907 2191 1936 ta·

1151 1972 1239 1995 men
1257 1960 1396 1996 nullius
1415 1960 1569 1996 libertas
1586 1960 1738 1996 arbitrii
1759 1961 1958 2010 compulsa
1978 1966 2033 1996 est
2061 1972 2194 1996 secun-

1154 2018 1246 2053 dum
1270 2031 1339 2054 vos
1354 2031 1375 2054 a
1394 2019 1501 2054 stella
1520 2020 1650 2055 Martis
1673 2019 1793 2067 ignita
1806 2045 1817 2064 ,
1836 2026 1879 2054 ut
1898 2019 2001 2054 ferro
2021 2025 2194 2055 uteretur

1154 2077 1203 2113 ad
1220 2077 1386 2112 hominis
1402 2090 1558 2123 necem,
1588 2090 1659 2113 nec
1679 2080 1806 2114 Venus
1827 2090 1915 2113 cum
1931 2078 2052 2114 Marte
2071 2079 2196 2126 posita

1154 2136 1321 2171 alienum
1356 2136 1642 2171 matrimonium
1685 2136 1871 2184 compulit
1911 2136 2063 2181 vitiari,
2109 2148 2196 2171 cum

1153 2195 1287 2242 utique
1306 2194 1411 2242 apud
1430 2206 1494 2230 eos
1512 2206 1583 2242 per
1603 2194 1771 2243 singulos
1791 2194 1871 2230 dies
1902 2196 2006 2231 Mars
2024 2194 2194 2230 medium

1156 2252 1242 2287 coeli
1271 2252 1456 2287 circulum
1475 2259 1613 2289 teneat.
1642 2251 1719 2288 Sed
1739 2259 1795 2288 est
1813 2252 1917 2301 apud
1943 2251 2052 2289 Seres
2071 2253 2198 2301 legum

1152 2301 1275 2348 metus
1291 2312 1552 2348 vehementior
1573 2324 1687 2359 quam
1707 2311 1862 2349 Genesis
1883 2312 2135 2350 constellatio,

830 2415 1018 2457 caesarius,
1040 2415 1258 2457 Quaestiones‚
1279 2418 1331 2455 47,
1347 2418 1402 2449 48.

89 2491 197 2531 Ἀλλὰ
215 2491 277 2530 καὶ
291 2493 322 2530 οἱ
342 2494 411 2531 τῶν
435 2492 614 2545 ἀρχόντων
629 2492 730 2542 νόμοι
753 2515 807 2522 -
826 2515 877 2522 -—-
893 2492 1079 2546 ἐγγράφως

36 2550 59 2598 ἢ
82 2550 247 2604 ἀγράφως
274 2551 490 2604 ὑπάρχοντες
506 2553 590 2605 παρ’
612 2554 697 2603 ἡμῖν
720 2568 757 2590 τε
775 2552 835 2590 καὶ
855 2551 985 2590 ἔθνεσιν
1003 2583 1013 2601 ,
1045 2554 1079 2590 ἐν

12 2661 13 2664 ¹
36 2616 106 2653 τοῖς
140 2610 203 2660 μὲν
234 2610 274 2648 τὸ
300 2615 470 2663 γράμμα,
490 2613 524 2649 ἐν
559 2617 629 2655 τοῖς
664 2610 700 2649 δὲ
720 2614 742 2658 ἡ
774 2611 950 2659 συνήθεια·
977 2611 1082 2663 νόμος

36 2668 104 2721 γὰρ
121 2669 263 2720 ἀνόμοις
283 2670 327 2708 τὰ
348 2671 480 2723 πάτρια
502 2671 609 2709 δοκεῖ.

91 2722 159 2767 ἲὨν
173 2731 306 2781 πρῶτοι
324 2731 438 2782 Σῆρες
452 2731 483 2768 οἱ
500 2730 540 2769 τὸ
552 2729 657 2782 ἄκρον
673 2733 732 2767 τοῦ
749 2730 878 2782 χέρσου
895 2732 1082 2777 οἷκοῧντες,

37 2787 142 2838 νόμον
159 2787 298 2840 ἔχοντες
320 2788 360 2826 τὸ
377 2791 541 2841 πατρῷον
557 2788 631 2831 ἔθος
652 2787 701 2839 μὴ
721 2788 969 2839 ἑταιρίζεσθαι,
990 2788 1078 2838 μηδὲ

14 2874 15 2878 ,
39 2847 169 2899 συλᾷν,
190 2846 238 2897 μὴ
262 2851 454 2900 μοιχᾶσθαι
466 2878 479 2897 ,
510 2847 559 2897 μὴ
588 2847 721 2891 ξοάνοις
748 2852 958 2899 προσκυνεῖν
976 2846 998 2894 ἢ
1017 2862 1082 2885 πο-

18 2946 20 2948 ι
39 2908 201 2944 τνιᾶσθαι
216 2906 372 2957 δαίμοσι,
387 2906 469 2956 μηδ’
480 2906 570 2950 ὅλως
583 2908 618 2945 ἐν
630 2907 744 2951 αὐτοῖς
754 2905 926 2959 ὑπάρχειν
941 2905 1083 2945 εἴδωλον

1153 2491 1176 2539 ἢ
1200 2492 1339 2546 ἑταίραν
1360 2491 1383 2538 ἢ
1406 2490 1610 2544 μοιχαλίδα,
1629 2493 1667 2529 οὐ
1683 2491 1855 2539 συλώτην,
1871 2492 1910 2530 οὔ
1928 2490 2052 2544 φονέα,
2069 2492 2108 2530 οὗ
2126 2492 2198 2530 λω-

1156 2551 1322 2598 ποδύτην·
1352 2551 1412 2589 καὶ
1441 2550 1536 2600 ὅμως
1564 2549 1700 2593 οὐδενὸς
1727 2550 1767 2589 τὸ
1795 2549 2014 2594 αὐτεξούσιον
2040 2550 2200 2602 ἠνάγκα-

1161 2626 1219 2649 σεν
1248 2614 1266 2649 ὃ
1286 2614 1347 2648 τοῦ
1376 2609 1468 2648 κατὰ
1489 2609 1528 2647 σὲ
1555 2612 1805 2662 πυριλαμποῧς
1823 2608 1942 2661 Ἄρεος
1967 2609 2102 2662 ἀστὴρ,
2120 2610 2197 2649 οὐδὲ

1160 2668 1328 2708 ἐὸιάσατό
1347 2684 1425 2706 τινα
1443 2669 1557 2706 αὐτῶν
1584 2667 1752 2720 φασγάνῳ
1772 2666 1831 2706 τὸν
1859 2667 1971 2712 πέλας
1991 2669 2146 2721 ἀναιρεῖν
2176 2667 2199 2715 ἢ

1158 2729 1246 2780 λίθῳ
1259 2727 1427 2772 πατάξαι·
1447 2728 1508 2765 οὐκ
1523 2726 1706 2779 Ἀφροδίτη
1728 2725 1789 2764 σὺν
1803 2723 1902 2780 Ἄρει
1915 2725 2054 2765 ἔπεισεν
2075 2726 2201 2771 αὐτοὺς

1159 2789 1390 2833 ἐπιλυττῆσαι
1409 2789 1452 2839 τῇ
1469 2785 1608 2837 γυναικὶ
1627 2790 1688 2826 τοῦ
1714 2785 1878 2837 γείτονος,
1894 2785 2114 2839 πανημέριον
2134 2802 2201 2837 με·

1159 2848 1410 2897 σουρανοῧντος
1427 2848 1489 2883 τοῦ
1509 2841 1628 2897 Ἄρεος
1643 2873 1654 2891 ,
1688 2844 1748 2883 καὶ
1771 2844 1866 2894 ὅμως
1890 2844 2114 2898 ἰσχυρότερος
2134 2848 2199 2892 τῆς

1159 2905 1313 2957 ἀνάγκης
1337 2906 1405 2942 τῶν
1437 2903 1574 2956 ἄστρων
1593 2902 1692 2956 παρὰ
1722 2904 1855 2956 Σῆρσιν
1874 2905 1892 2941 δ
1911 2907 2060 2957 πάτριος
2076 2902 2197 2956 νόμος.

304 3017 464 3059 Georgius
480 3017 703 3063 Hamartolus‚
717 3018 840 3051 Chron.
867 3017 1067 3060 (Anecdola
1079 3025 1207 3059 yroeca.
1230 3018 1348 3057 Oxon.,
1370 3016 1423 3075 ed..
1441 3017 1586 3056 Cramer,
1609 3018 1636 3049 t.
1654 3017 1712 3056 IV,
1725 3025 1757 3057 p.
1778 3018 1838 3049 236
1853 3015 1937 3057 seq.)

96 3095 235 3146 Ἀμέλει
264 3095 304 3147 γέ
332 3111 386 3134 τοι
416 3098 478 3135 καὶ
512 3098 530 3134 ὃ
563 3095 672 3146 μέγας
705 3095 934 3149 Καισάρειος,
967 3099 985 3134 ὃ
1027 3096 1087 3134 καὶ

43 3154 209 3206 ὁμαίμων
230 3154 428 3206 Γρηγορίου
449 3158 510 3193 τοῦ
533 3154 698 3207 μεγίστου
719 3155 779 3193 καὶ
802 3155 980 3207 θεολόγου,
1010 3156 1087 3194 δια-

45 3213 159 3266 φόρων
181 3215 285 3252 ἐθνῶν
313 3213 373 3252 καὶ
393 3215 485 3260 ἠθῶν
506 3214 565 3252 καὶ
586 3212 726 3266 τρόπων
749 3214 810 3252 καὶ
830 3213 945 3264 νόμων
975 3213 1088 3259 ἐξέτα-

47 3289 99 3312 σιν
119 3272 326 3322 ποιούμενος
342 3273 512 3323 σύντομον
532 3273 650 3312 τοιάδε
671 3273 791 3326 φησίν.

101 3331 163 3371 Ἔν
185 3331 252 3385 γὰρ
264 3331 396 3384 ἑκάστῃ
418 3331 520 3385 χώρᾳ
534 3332 595 3372 καὶ
614 3332 719 3380 ἔθνει,
737 3334 771 3371 ἐν
787 3334 858 3377 τοῖς
876 3331 938 3384 μὲν
958 3331 1086 3386 ἔγγρα-

158 3412 224 3435 mn
247 3412 327 3436 APAS
349 3412 476 3436 cmm.

1163 3111 1221 3148 φος
1240 3094 1345 3146 νόμος
1367 3094 1478 3145 ἐστὶν,
1508 3095 1543 3133 ἐν
1564 3100 1634 3138 τοῖς
1666 3094 1702 3132 δὲ
1735 3097 1757 3141 ἦ
1794 3093 1969 3142 συνήθεια·
2002 3094 2108 3146 νόμος
2135 3094 2204 3147 γὰρ

1163 3154 1305 3205 ἀνόμοις
1337 3154 1381 3192 τὰ
1408 3153 1541 3206 πάτρια
1569 3155 1675 3192 δοκεῖ.
1694 3146 1769 3192 ῗΩν
1793 3155 1927 3205 πρῶτοι
1949 3154 2084 3206 Σῆρες,
2107 3155 2138 3193 οἳ
2165 3154 2204 3192 τὸ

1163 3213 1267 3267 ἄκρον
1283 3215 1346 3260 τῆς
1361 3216 1423 3263 γῆς
1437 3214 1620 3260 οἰκοῦντες,
1636 3211 1742 3263 νόμον
1759 3211 1878 3264 ἔχουσι
1892 3213 1932 3252 τὸ
1946 3215 2111 3266 πατρῷον
2131 3212 2205 3254 ἔθος

1163 3272 1213 3324 μὴ
1243 3271 1420 3326 πορνεύειν
1451 3271 1473 3319 ἢ
1496 3272 1672 3324 μοιχεύειν
1704 3270 1726 3318 ἢ
1765 3270 1927 3310 κλέπτειν
1946 3270 1970 3319 ἢ
1989 3272 2158 3327 λοιδορεῖν
2180 3271 2202 3318 ἢ

1165 3331 1319 3385 φονεύειν
1337 3331 1359 3379 ἢ
1376 3331 1583 3384 κακουργεῖν
1611 3331 1651 3369 τὸ
1677 3330 1834 3371 σύνολον.

2080 3408 2099 3436 fi
