2294 3620
767 134 1164 176 COMMENTAIRES
1193 135 1292 175 SUB
1319 136 1496 177 L'INDE.

8 230 23 273 {⁴2
47 226 110 265 καὶ
136 224 249 278 φυτὰ,
271 224 332 264 καὶ
361 226 458 276 ζῶα,
480 223 541 263 καὶ
562 223 684 268 ἁπλῶς
716 222 782 262 ὅσα
811 223 896 263 ἔστί.
954 225 1086 264 Τοῦτον

4 282 18 325 ¹³,
47 284 107 324 τὸν
128 283 317 338 ἀνδριάντα
338 282 423 336 φασὶ
444 282 633 321 δεδωκέναι
649 282 708 321 τὸν
725 283 801 322 θεὸν
817 285 867 335 τῷ
894 284 980 336 υἱῷ,
996 285 1087 330 ὁπη-

4 336 16 358 '³
17 343 127 383 νίκα
147 342 206 382 τὸν
227 342 358 394 κόσμον
376 341 530 390 ἔκτιζεν,
549 341 607 380 ἵνα
625 341 728 380 αυτὸν
748 358 764 379 ε
767 359 815 394 Ax]
843 338 1085 395 παράδειγμα.

0 383 232 474 ζἘξήσι-ασα
254 402 313 452 δὲ,
344 401 454 454 φησὶ,
484 401 589 445 ποίας
627 401 721 440 ἐστὶν
749 401 854 449 ὕλης,
886 402 947 440 και
978 400 1088 440 διεδε-

7 461 193 501 ὅαιουτο
224 464 243 500 ὃ
271 461 481 509 Σανδάλης,
513 460 731 535 ἐμαρτύρουν
764 461 799 499 δὲ
832 462 930 499 αὐτῶ
963 461 1024 499 καὶ
1057 463 1089 499 οι

7 523 18 572 j*
48 521 169 572 ἄλλοι,
206 520 338 572 μηδένα
373 519 505 559 εἰδέναι
535 520 638 564 ποίας
661 519 746 567 ὕλης
773 520 867 558 ἐστιν
897 523 915 558 ὁ
946 519 1089 573 ἀνδριὰς

7 573 17 611 ν’
46 582 189 624 ἐκεῖνος.
267 577 361 619 Οὔτε
381 578 470 632 ·γὰρ
510 578 658 632 χρύσεός
700 582 794 619 ἐστιν
810 610 820 626 ,
856 579 935 618 οὔτε
982 579 1089 631 ἀργύ-

47 654 143 692 ρεος,
164 638 243 677 οὔτε
263 638 439 691 χάλκεος,
460 637 538 677 οὔτε
559 638 708 686 λίθινος,
738 638 818 677 οὔτε
845 637 955 686 ἄλλης
983 638 1087 686 ὕλης·

14 699 17 702 ’
47 698 138 738 ἀλλὰ
172 699 306 749 μᾶλλον
339 697 588 760 παραπλήσιός
624 700 698 736 ἐστι
734 697 823 751 ξύλω
867 698 1089 751 στερῥοτάτῳ

6 758 103 798 καὶ
125 756 382 811 ἀσηπτοτάτῳ·
386 757 455 828 ’μὴ
477 761 566 795 εἶναι
587 756 622 796 δὲ
654 756 767 802 ξύλον.
827 756 1088 809 Προσετίθεσαν

6 816 81 870 δὲ
102 816 278 870 λέγοντες,
294 816 349 856 ὅτι
361 818 432 856 τῶν
454 816 630 870 βασιλέων
645 833 696 860 τις
714 816 876 864 ἐθέλησεν
900 816 1090 877 ἀφελέσθαι

4 876 150 932 τρίχα
183 879 223 916 ἐκ
251 879 321 915 τῶν
351 876 432 928 περὶ
458 875 516 914 τὸν
548 877 728 929 τράχηλον
753 877 884 924 αὐτοῦ,
910 875 971 914 καὶ
998 869 1088 926 αἷμα

2 937 185 994 ῥεῦσαι·
207 935 266 974 καὶ
285 935 481 989 φοὸηθῆναι
501 935 558 974 τὸν
582 934 766 987 βασιλέα’
752 940 900 983 εκεῖνον,
922 937 967 978 ὡς
989 934 1090 984 μόλις

2 988 242 1045 εὐξαμένων
277 997 346 1033 τῶν
380 994 605 1047 Βραχμάνων
642 994 910 1040 ἀνακτήσασθαι
947 993 1086 1033 ἑαυτόν.

7 1047 16 1104 J
43 1053 129 1093 Ἐπὶ
147 1053 183 1092 δὲ
196 1070 239 1107 τῃ
259 1055 395 1108 κεφαλῃ
417 1054 539 1093 τούτου
556 1052 698 1105 λέγουσι
718 1056 794 1091 θεου
812 1052 958 1104 ἄγαλμα
980 1056 1088 1100 εἶναι,

43 1115 90 1157 ὣς
110 1113 168 1151 ἐπὶ
198 1113 316 1166 θρόνου
344 1113 435 1157 τινὸς
459 1113 674 1164 καθήμενον.
733 1111 886 1164 Λέγουσι
909 1111 945 1150 δὲ
964 1111 1024 1150 καὶ
1053 1113 1088 1149 ἓν

44 1177 116 1216 τοῖς
136 1171 312 1223 καύμασιν
334 1173 451 1224 ἱδροῧν
472 1169 552 1210 ὅλον
571 1171 629 1209 τὸν
655 1171 845 1223 ἀνδριάντα
864 1173 982 1208 τοῦτον
995 1199 1005 1218 ,
1027 1169 1088 1208 καὶ

45 1230 242 1284 ῥιπίζεσθαι
265 1230 334 1270 ὑπὸ
358 1234 427 1269 τῶν
450 1229 679 1283 Βραχμάνων
693 1259 704 1277 ,
725 1229 786 1268 καὶ
815 1229 989 1268 παύεσθαι
1009 1228 1088 1272 τοὺς

0 1284 13 1321 s*
41 1291 213 1342 ἱδρῶτας·
235 1289 296 1328 καὶ
321 1291 351 1328 εἰ
372 1288 422 1340 μὴ
454 1289 632 1342 ῥιπίζοιεν,
653 1287 762 1327 πολὺν
789 1287 905 1341 φέρειν
927 1289 1084 1341 ἱδρῶτα,

0 1345 2 1348 ,
40 1351 87 1394 ὣς
102 1348 290 1401 βρέχεσθαι
306 1347 370 1395 τὴν
388 1363 470 1401 περι
490 1347 594 1386 αὐτὸν
611 1363 690 1399 γην.
752 1347 954 1398 Ένδότερον
971 1346 1007 1384 δὲ
1022 1348 1086 1384 αὖ-

41 1411 100 1447 τοῦ
132 1409 168 1446 ἐν
187 1424 238 1460 τῳ
259 1406 425 1460 σπηλαίῳ
458 1406 548 1457 μετὰ
587 1406 788 1456 λαμπάδων
814 1406 1036 1456 εἰσέρχονται
1055 1407 1086 1444 οἱ

43 1449 260 1520 βουλόμενδι,
284 1482 344 1504 και
368 1465 569 1518 ευρίσκουσι
591 1464 698 1517 θύραν
723 1464 814 1523 τινά·
837 1463 874 1509 ἐξ
889 1468 930 1511 ἦς
959 1463 1082 1516 προέρ-

36 1542 144 1580 ,χεται
163 1525 272 1578 ὕδωρ,
288 1541 348 1564 και
366 1525 527 1575 λιμνάζει
546 1523 626 1576 περὶ
643 1524 688 1562 τὰ
708 1525 894 1562 τελευταῖα
912 1527 972 1561 τοῦ
991 1538 1083 1570 σπη-

40 1586 154 1626 λαίου,
213 1584 286 1624 Καὶ
304 1587 350 1629 ὡς
363 1583 609 1635 δοκιμάζοντες
630 1582 773 1626 ἑαυτοὺς
788 1583 1008 1635 εἰσέρχονται
1028 1581 1085 1620 διὰ

44 1648 108 1693 τ’ῆς
133 1644 238 1697 θύρας
267 1645 414 1690 ἐκείνης.
475 1642 550 1682 Καὶ
575 1641 650 1680 ὅσοι
667 1644 734 1680 εἰσὶ
754 1642 900 1694 καθαροὶ
930 1641 1000 1680 ἀπὸ
1025 1644 1087 1688 τ’ῆς

41 1704 261 1758 φαυλότητος
280 1720 340 1742 του
361 1703 438 1755 βίου
458 1701 677 1756 εἰσέρχονται
698 1700 962 1752 ἀνεμποδίστως
982 1703 1086 1754 εὐρυ-

44 1764 193 1815 νομένης
218 1766 281 1810 τῆς
310 1762 434 1815 θύρας·
455 1777 515 1800 και
547 1761 746 1814 εὑρίσκουσι
770 1776 890 1812 πηγην
913 1761 1084 1813 μεγίστην

44 1824 168 1867 ὕδατος
195 1822 288 1861 πάνυ
315 1822 566 1872 διαυγεστάτου
603 1819 664 1859 καὶ
685 1819 955 1870 ποτιμωτάτου,
979 1819 1014 1864 ἐξ
1045 1814 1087 1867 ἧς

42 1883 82 1922 τὸ
113 1881 241 1934 ὕδωρ
227 1886 339 1919 εκεῖνο
370 1880 597 1933 προέρχεται.
655 1881 702 1918 Οἱ
730 1878 766 1917 δὲ
793 1881 827 1917 ἓν
862 1878 1085 1930 καταγνώσει

42 1941 136 1985 ὄντες
157 1939 247 1979 πολὺ
266 1939 442 1979 θλίὸουσιν
459 1939 624 1978 εἰσελθεῖν
642 1938 699 1976 διὰ
718 1941 781 1985 τῆς
804 1937 908 1991 θύρας
926 1938 1061 1985 ἐκείνης
1073 1968 1084 1989 ,

42 2001 103 2041 καὶ
124 2002 161 2040 οὐ
185 2000 369 2048 δύνανται,
390 1998 619 2049 στενουμένης
643 2000 766 2045 αὐτῆς·
782 1999 905 2041 οἵτινες
925 1997 1084 2049 βιαζόμε-

42 2076 95 2100 νοι
111 2059 399 2110 ἐξομολογοῧνται
419 2058 560 2096 ἐπὶτῶν
583 2055 711 2110 ἑτέρων
728 2056 760 2094 εἴ
780 2072 813 2093 τι
827 2056 1006 2109 ἥμαρτον·
1026 2056 1086 2095 καὶ

43 2119 160 2168 δέησιν
182 2121 382 2166 ποιοῦνται,
398 2116 456 2155 ἵνα
480 2118 511 2155 οἷ
527 2115 643 2156 λοιποὶ
665 2115 833 2160 εὔξωνται
849 2115 927 2168 περὶ
951 2117 1064 2154 αὐτῶν
1077 2132 1085 2140 ·

42 2179 102 2218 καὶ
115 2177 317 2227 νηστεύουσι
332 2176 455 2230 χρόνον
474 2176 551 2214 τινὰ
568 2175 700 2216 ἱκανόν.
757 2175 856 2215 Ἐκεῖ
877 2190 981 2228 φασιν
997 2177 1087 2228 εἰρη-

43 2238 141 2278 κέναι
181 2236 259 2281 τους
298 2237 379 2289 περὶ
425 2235 483 2274 τὸν
533 2235 721 2283 Σανδάλην
754 2250 841 2273 συνα
830 2234 965 2284 ’(εσθαι
1006 2234 1086 2279 τοὺς

42 2299 277 2350 Βραχμᾶνας,
297 2295 415 2350 ἡμέρα
433 2295 551 2346 μέντοι
571 2293 787 2347 τεταγμένῃ·
809 2295 886 2332 ἀλλ’
913 2297 1000 2332 εἰναι
1022 2293 1085 2343 μέν

43 2366 140 2401 τινας
160 2359 231 2397 ἐκεῖ
252 2356 395 2409 ἔχοντας
413 2353 476 2402 τὴν
498 2353 693 2407 διατριὸήν.
750 2351 842 2396 Τους
862 2352 898 2391 δε
930 2353 1086 2406 ἀλλαχό-

43 2420 99 2456 θεν
131 2415 284 2455 συνιέναι
313 2415 432 2468 θέρους
461 2414 562 2468 ὥρᾳ,
598 2413 657 2452 καὶ
686 2412 766 2466 περὶ
796 2412 836 2451 τὸ
869 2412 1086 2465 φθινόπωρον

43 2475 301 2523 πλεοναζούσης
332 2477 394 2522 τῆς
413 2474 575 2526 ὀπώρας,
598 2472 655 2512 ἐπί
675 2489 713 2511 τε
741 2471 806 2519 τὴν
838 2468 919 2510 θέαν
940 2475 999 2510 τοῦ
1023 2474 1086 2510 ἀν-

2 2542 6 2548 “
43 2535 217 2589 δριάντος,
238 2534 298 2574 καὶ
328 2533 388 2573 ἐπὶ
417 2533 457 2572 τὸ
480 2532 645 2580 ἀλλήλοις
666 2531 859 2582 συμμίξαι·
880 2531 941 2569 καὶ
970 2532 1016 2575 εἰς
1047 2531 1086 2569 τὸ

42 2601 168 2648 πεῖραν
188 2596 320 2633 ἑαυτῶν
337 2593 483 2641 λαὸεῖν,
505 2594 534 2631 εἰ
563 2591 730 2635 δύνανται
750 2591 915 2629 εἰσελθεῖν
937 2589 994 2628 διὰ
1022 2593 1085 2637 τῆς

45 2654 230 2707 εἰρημένης
249 2652 367 2705 θύρας.
425 2652 591 2692 Γίνεσθαι
612 2650 648 2689 δὲ
671 2652 744 2689 ἐκεῖ
764 2650 924 2697 ζητήσεις
944 2649 1084 2701 λέγουσι

27 2713 124 2766 ,περὶ
155 2715 218 2759 τ’ἧς
252 2713 287 2750 ἐν
316 2713 367 2765 τῶ
403 2710 542 2761 σώματι
578 2709 699 2762 ἐκείνῳ
727 2710 878 2761 γλυφης·
912 2707 989 2746 οὐδὲ
1017 2708 1085 2778 γὰρ

44 2772 118 2812 ἔστι
139 2773 267 2833 ῥαδίως
281 2771 379 2823 πάσῃ
400 2774 442 2824 τῇ
458 2768 681 2808 ἀνατυπώσει
696 2770 894 2814 ἓπιστηναι,
917 2766 975 2804 διά
991 2783 1029 2805 τε
1044 2767 1085 2805 τὸ

44 2831 158 2871 πολλὰ
181 2834 291 2879 εἶναι,
312 2846 372 2868 και
402 2829 458 2868 διὰ
479 2828 519 2867 ·r6
544 2845 592 2880 μη
615 2827 755 2888 πάνταω
757 2825 801 2864 τὰ
822 2828 894 2871 ζῶα
914 2825 973 2864 καὶ
993 2826 1085 2879 φυτὰ

43 2893 79 2930 ἐν
93 2889 192 2943 πάσῃ
207 2889 309 2942 χώρᾳ
328 2888 512 2941 ὑπάρχειν.
571 2886 615 2927 Ἃ
635 2885 698 2937 μὲν
715 2880 773 2924 οῧν
786 2885 918 2925 Ἰνδοιε
909 2888 1084 2938 ιστοροῧσι

5 2979 11 2990 .
46 2965 127 3002 περι
167 2965 227 2988 του
261 2950 344 2999 παρ’
381 2949 496 2990 αὐτοῖς
533 2945 809 2998 δοκιμαστηρίου
851 2943 973 2988 ὕδατός
1010 2946 1084 2983 ἐστι

47 3012 174 3048 ταῦτα.
230 3000 345 3058 Οἶμαι
362 3006 397 3045 δὲ
413 3006 534 3045 τούτου
549 3005 610 3044 καὶ
624 3004 854 3044 Ἀπολλώνιον
871 3003 929 3042 τὸν
943 3003 1084 3043 Τυανέα

44 3070 242 3118 μεμνῆσθαι
270 3081 329 3104 του
363 3065 512 3116 ὕδατος,
533 3068 592 3103 τοῦ
625 3065 659 3102 ἐν
694 3066 745 3102 τῶ
779 3061 943 3116 σπηλαίω
972 3062 1083 3114 λέγω·

21 3131 22 3134 ’
41 3126 184 3180 γράφων
199 3125 266 3179 γὰρ
282 3131 354 3170 τοῖς
376 3127 610 3185 Βραχμᾶσιν,
630 3121 730 3176 ορκον
747 3121 825 3160 τινὰ
840 3122 975 3172 ὀμνύει·
1031 3124 1085 3162 Οὐ

45 3186 96 3237 μὰ
111 3185 150 3224 τὸ
167 3186 366 3226 Ταντάλιον
384 3184 489 3235 ὕδωρ,
513 3186 552 3222 ου
574 3199 618 3233 με
639 3181 830 3233 ἕμυήσατε.
888 3174 1003 3232 Οἶμαι
1019 3180 1086 3234 γὰρ

44 3245 241 3284 Ταντάλιον
269 3244 383 3296 λέγειν
418 3258 540 3291 τουτο,
573 3241 630 3280 διὰ
655 3241 694 3280 τὸ
726 3241 780 3279 ἀει
813 3243 856 3293 τῇ
892 3239 1086 3294 προσδοκίᾳ

46 3304 204 3350 κολάζειν
232 3304 311 3349 τοὺς
343 3302 411 3342 ὑπὸ
444 3307 548 3341 τοῦτο
574 3303 684 3341 ἐλθεῖν
710 3298 991 3348 ἐσπουδακότας,
1016 3300 1086 3338 κάκ

47 3362 169 3403 τούτου
191 3364 296 3403 ποτὸν
319 3362 530 3416 ἀρύσασθαι.

2151 154 2203 193 69

1163 225 1196 256 et
1213 223 1384 264 animalia,
1403 226 1436 257 et
1451 225 1610 267 quicquid
1625 227 1758 261 tandem
1777 229 1808 261 in
1826 240 1934 264 rerum
1948 235 2063 267 natura
2076 236 2199 271 existit.

1162 284 1255 315 Hanc
1272 284 1417 315 statuam
1436 283 1528 317 aiunt
1544 286 1651 317 Deum
1670 286 1738 318 filio
1757 296 1816 320 suo
1833 288 1963 323 dedisse
1975 317 1983 331 ‚
2007 302 2083 325 cum
2104 304 2201 328 mun-

1163 340 1243 373 dum
1273 342 1449 382 conderet,
1475 344 1513 375 ut
1541 344 1704 385 exemplar
1742 345 1803 377 sibi
1831 349 2033 388 propositum
2053 351 2199 387 haberet.

1161 401 1322 443 Inquisivi
1340 401 1439 434 etiam
1451 427 1459 442 ‚
1485 402 1554 442 ait,
1573 403 1668 445 cujus
1686 405 1833 438 materiae
1851 409 1949 440 esset.
1994 410 2057 442 Sed
2075 413 2108 443 et
2124 415 2202 445 San-

1160 461 1251 495 dales
1284 462 1365 494 mihi
1398 462 1587 496 affirmabat
1599 488 1607 503 ‚
1638 465 1672 496 et
1698 465 1815 506 reliqui
1836 467 2052 508 testabantur,
2082 472 2202 505 nemini

1160 520 1342 562 quidquam
1361 521 1403 554 de
1431 522 1550 555 statuae
1578 521 1666 555 illius
1691 524 1830 556 materia
1848 527 1996 559 constare
2018 541 2025 559 ε
2047 537 2123 561 cum
2145 539 2204 563 nec

1162 589 1261 613 aurea
1272 606 1280 622 ,
1300 590 1361 613 nec
1377 583 1530 623 argentea
1552 582 1616 622 sit,
1638 591 1746 623 neque
1765 592 1851 615 aerea
1863 611 1871 625 ‚
1889 593 1948 617 nec
1966 585 2093 627 lapidea
2104 613 2112 628 ‚
2129 588 2204 622 alte·
2219 620 2222 623 ,

1161 639 1273 672 riusve
1297 639 1456 673 materiae.
1502 640 1567 673 Sed
1598 650 1699 682 quam
1733 641 1933 675 simillimam
1963 644 2097 685 quidem
2133 656 2205 680 esse

1161 698 1250 740 ligno
1260 698 1439 732 durissimo
1449 725 1457 740 ‚
1475 708 1537 732 nec
1549 699 1607 732 ulli
1622 700 1787 741 putredini
1803 701 1962 742 obnoxio3
1974 712 2080 744 neque
2095 706 2205 739 tamen

1160 757 1284 799 lignum
1304 767 1388 791 esse.
1432 758 1609 792 Addebant
1625 761 1785 801 praeterea
1801 769 1910 802 regem
1929 761 2092 802 quendam
2106 772 2204 796 cona-

1161 820 1235 851 tum
1255 819 1357 852 fuisse
1379 819 1518 853 evellere
1538 820 1692 862 capillum
1711 821 1854 862 aliquem
1871 831 1986 854 eorum
2006 823 2061 864 qui
2079 823 2112 855 in
2132 833 2204 857 cer-

1161 878 1268 911 vicem
1285 880 1404 911 statuae
1420 879 1606 921 dependent
1617 906 1624 920 ,
1646 881 1680 912 et
1693 880 1887 922 sanguinem
1906 881 1981 914 inde
1999 882 2203 923 profluxisse.

1160 938 1245 969 Hinc
1274 947 1385 980 regem
1410 937 1511 971 istum
1544 939 1636 971 tanto
1654 940 1747 972 metu
1773 939 1998 973 exanimatum
2019 941 2139 982 fuisse,
2167 944 2206 975 ut

1160 997 1217 1028 vix
1246 999 1322 1038 post
1339 997 1452 1039 longas
1471 999 1750 1031 Brachmanorum
1781 1008 1895 1041 preces
1921 1000 1963 1032 ad
1995 1009 2031 1033 se
2058 1000 2203 1034 redierit.

1161 1054 1269 1096 Capiti
1296 1055 1368 1096 ejus
1392 1055 1453 1087 Dei
1472 1055 1616 1098 effigiem
1639 1057 1744 1089 veluti
1771 1058 1890 1092 throno
1915 1059 2060 1092 insidere
2082 1060 2204 1093 serunt.

1160 1116 1247 1153 Quin
1257 1117 1291 1148 et
1303 1116 1467 1149 caloribus
1481 1117 1605 1150 aestivis
1619 1119 1724 1150 totam
1743 1119 1888 1151 statuam
1905 1120 2027 1153 sudore
2041 1120 2203 1160 diffluere,

1160 1175 1193 1207 et
1215 1183 1234 1206 a
1246 1175 1461 1207 Brachmanis
1474 1176 1663 1209 ventilando
1680 1177 1882 1219 refrigerari3
1901 1179 2038 1221 sistique
2052 1180 2205 1213 sudorem

1160 1233 1262 1266 aiunt.
1308 1236 1349 1266 Et
1366 1234 1429 1266 nisi
1442 1235 1632 1268 ventilabris
1648 1236 1737 1268 calor
1751 1238 1965 1279 temperetur,
1983 1238 2066 1271 adeo
2077 1239 2205 1281 largum

1161 1293 1295 1325 esssuere
1315 1293 1469 1326 sudorem
1483 1320 1490 1334 ,
1506 1296 1543 1326 ut
1559 1295 1682 1327 humus
1695 1295 1910 1329 circumcirca
1926 1297 2107 1330 madescat.
2128 1300 2206 1331 Post

1160 1353 1306 1384 statuam
1322 1352 1406 1384 hanc
1428 1353 1462 1384 in
1483 1353 1641 1386 interiore
1663 1355 1750 1387 antri
1770 1364 1904 1388 recessu
1922 1357 2018 1399 longo
2031 1345 2205 1390 intervallo

1159 1411 1315 1443 tenebras
1334 1407 1424 1443 esse.
1470 1413 1516 1443 Eo
1534 1421 1610 1444 cum
1636 1413 1763 1446 facibus
1791 1415 1937 1447 accensis
1963 1416 2203 1457 ingrediuntur,

1159 1469 1280 1510 quibus
1297 1469 1458 1502 subeundi
1475 1471 1604 1504 animus
1622 1474 1694 1511 est3
1715 1475 1748 1505 et
1767 1473 1944 1507 offendunt
1963 1475 2086 1507 ostium
2102 1475 2204 1516 quod·

1159 1528 1247 1561 dam.
1295 1531 1344 1561 Ex
1374 1539 1440 1571 quo
1465 1540 1552 1572 aqua
1574 1532 1731 1573 profluit,
1768 1542 1844 1574 quae
1873 1532 1907 1565 in
1939 1534 2089 1566 extremo
2110 1535 2204 1567 antro

1158 1588 1251 1620 lacus
1269 1589 1371 1621 instar
1383 1591 1562 1631 restagnat.
1607 1593 1669 1623 Per
1687 1591 1722 1623 id
1746 1592 1870 1624 ostium
1890 1592 2129 1634 ingrediuntur.
2148 1594 2205 1635 qui

1160 1648 1354 1689 semetipsos
1373 1649 1511 1690 probare
1528 1650 1677 1692 cupiunt.
1702 1652 1744 1683 Et
1759 1651 1946 1693 quicunque
1961 1661 1979 1684 a
2001 1653 2079 1684 vitae
2094 1652 2205 1694 inqui-

1158 1709 1322 1742 namentis
1339 1710 1413 1751 puri
1432 1712 1530 1751 sunt,
1555 1711 1624 1743 sine
1639 1711 1706 1743 ullo
1723 1711 1958 1753 impedimento
1981 1713 2124 1754 intrant,
2141 1714 2203 1746 lar-

1157 1766 1232 1807 gius
1251 1776 1324 1800 sese
1346 1769 1512 1810 aperiente
1529 1770 1625 1802 ostio.
1671 1772 1874 1812 Fontemque
1899 1772 2082 1803 maximum
2106 1772 2205 1805 undae

1158 1828 1398 1870 limpidissimae
1428 1831 1461 1862 et
1488 1831 1581 1871 potui
1610 1831 1806 1872 gratissimae
1835 1832 2008 1864 inveniunt
2035 1846 2043 1865 :
2071 1841 2112 1865 ex
2140 1843 2206 1875 quo

1158 1897 1244 1930 aqua
1259 1888 1315 1921 illa
1327 1913 1335 1929 ‚
1355 1898 1454 1930 quam
1473 1890 1543 1922 dixi
1557 1915 1565 1930 ‚
1584 1892 1768 1931 promanat.
1814 1891 1879 1923 Sed
1895 1891 1954 1933 qui
1967 1892 2095 1924 crimini
2108 1892 2206 1925 alicui

1158 1950 1290 1984 obnoxii
1307 1949 1585 1991 sunt‚plurimum
1599 1949 1633 1981 in
1649 1950 1725 1982 ostii
1741 1950 1829 1982 illius
1845 1950 1996 1992 ingressu
2012 1952 2178 1984 luctantur
2196 1966 2203 1984 :

1158 2020 1219 2043 nec
1247 2009 1374 2051 ingredi
1394 2010 1542 2050 queunt,
1575 2009 1661 2041 ostio
1690 2018 1762 2042 sese
1790 2011 1991 2043 coarctante.
2036 2010 2079 2042 Hi
2099 2011 2205 2044 coacti

1158 2079 1268 2102 coram
1282 2069 1365 2109 aliis,
1381 2068 1409 2100 si
1422 2069 1501 2110 quid
1513 2068 1639 2109 peccati
1651 2068 1884 2110 commiserint,
1903 2069 2112 2102 confitentur.
2143 2071 2204 2102 Ro-

1120 2143 1126 2150 ·
1159 2131 1302 2171 gantque.
1324 2130 1362 2161 ut
1380 2128 1499 2170 reliqui
1522 2129 1628 2160 Deurn
1652 2137 1710 2169 pro
1730 2137 1801 2161 sese
1822 2130 1960 2162 exorent
1986 2143 1993 2161 :
2014 2131 2048 2161 et
2072 2130 2203 2171 longum

1158 2188 1316 2230 temporis
1338 2187 1482 2229 spatium
1507 2187 1639 2229 Jejuniis
1655 2187 1798 2229 exigunt.
1844 2188 1905 2220 Hic
1922 2188 2013 2220 aiunt
2030 2189 2203 2221 Sandalem

1159 2248 1279 2281 dixisse
1316 2249 1403 2280 stato
1434 2246 1579 2288 quodam
1607 2247 1661 2279 die
1685 2248 1876 2289 congregari
1897 2248 2120 2280 Brachmanos
2141 2262 2148 2280 :
2170 2251 2203 2282 et

1158 2307 1332 2339 nonnullos
1358 2306 1495 2347 quidem
1525 2305 1648 2338 ibidem
1680 2307 1840 2347 perpetuo
1873 2307 2091 2347 commorari3
2123 2307 2203 2340 alios

1142 2361 1237 2399 'vero
1266 2365 1398 2398 aliunde
1422 2364 1597 2397 convenire
1621 2367 1768 2406 tempore
1791 2365 1931 2406 aestivo,
1962 2367 1996 2398 et
2022 2367 2200 2407 autumno,

1158 2426 1240 2461 dum
1269 2426 1438 2458 fructuum
1466 2424 1560 2466 copia
1582 2424 1729 2456 abundat
1748 2437 1756 2455 z
1776 2433 1853 2457 cum
1879 2426 1915 2457 ut
1942 2426 2089 2458 statuam
2113 2426 2202 2460 illam

1158 2490 1311 2528 videant,
1332 2490 1403 2521 tum
1429 2487 1471 2520 ob
1495 2489 1652 2520 mutuum
1677 2496 1907 2529 congressum3
1943 2489 1977 2520 et
2005 2490 2044 2521 ut
2061 2488 2202 2530 quisque

1157 2553 1339 2596 periculum
1370 2551 1404 2583 in
1434 2550 1610 2591 semetipso
1650 2550 1775 2589 faciat„
1804 2550 1954 2591 nunquid
1987 2559 2046 2592 per
2069 2551 2202 2585 ‘dictum

1158 2615 1280 2649 ostium
1312 2613 1437 2655 ingredi
1468 2614 1579 2654 queat.
1624 2612 1753 2645 Ibidem
1785 2614 1985 2654 quaestiones
2003 2615 2203 2655 ‚pertractari

1157 2679 1252 2712 aiunt
1267 2677 1309 2710 de
1331 2676 1443 2718 figuris
1459 2675 1589 2716 corpori
1609 2675 1665 2707 isti
1680 2675 1864 2724 insculptis.
1907 2677 2020 2717 Neque
2041 2676 2131 2708 enim
2152 2677 2200 2709 fa-

1157 2741 1219 2774 cile
1237 2748 1351 2773 omnes
1375 2739 1491 2780 figurae
1509 2738 1586 2770 sciri
1613 2739 1751 2779 possunt
1771 2752 1779 2770 ι
1803 2747 1880 2782 cnm
1908 2738 1998 2779 quod
2021 2739 2137 2771 multae
2155 2748 2202 2773 eae

1158 2804 1244 2844 sint,
1266 2804 1340 2836 tum
1372 2801 1462 2843 quod
1485 2800 1592 2833 omnia
1613 2800 1763 2832 animalia
1788 2801 1822 2832 et
1843 2801 1963 2842 plantae
1992 2810 2056 2833 non
2082 2810 2150 2834 uno
2167 2801 2201 2834 in

1161 2868 1234 2900 loco
1254 2867 1408 2900 existunt.
1455 2866 1562 2906 Atque
1578 2864 1651 2896 haec
1667 2865 1744 2896 sunt
1756 2889 1764 2904 ,
1781 2872 1856 2905 quae
1877 2863 1950 2896 Indi
1969 2863 2009 2896 de
2023 2873 2106 2905 aqua
2124 2873 2199 2905 pro-

1158 2929 1299 2963 bationis
1326 2928 1414 2970 apud
1445 2937 1480 2960 se
1516 2927 1678 2969 referunt.
1724 2927 1891 2958 Caeterum
1917 2927 1960 2959 ·et
1994 2926 2200 2968 Apollonium

1158 2996 1327 3034 Tyaneum
1344 2991 1432 3023 illius
1447 2999 1542 3032 aquae
1561 2988 1750 3022 meminisse
1766 2988 1918 3021 existimo
1939 3000 1946 3020 :
1968 2988 2040 3029 ejus
2055 2988 2200 3030 inquam,

1158 3065 1235 3098 quae
1263 3055 1298 3087 in
1329 3055 1422 3086 antro
1452 3054 1513 3086 est.
1558 3054 1641 3084 Nam
1667 3052 1701 3084 in
1729 3051 1832 3084 literis
1847 3077 1855 3092 ‚
1879 3060 1962 3093 quas
1990 3050 2202 3084 Brachmanis

1159 3118 1283 3158 scribit,
1300 3116 1487 3159 juramento
1512 3115 1654 3156 quodam
1676 3114 1781 3147 utitur
1794 3126 1805 3145 t
1849 3115 1920 3146 Non
1943 3122 2002 3155 per
2018 3113 2201 3163 Tantaliam

1158 3191 1277 3223 aquam
1288 3206 1296 3221 ‚
1310 3189 1375 3221 qua
1387 3188 1439 3212 me
1454 3178 1617 3211 initiastis.
1661 3178 1746 3210 Puto
1763 3177 1849 3210 enim
1861 3177 1972 3218 ipsum
1987 3185 2104 3218 aquam
2118 3175 2202 3209 hanc

1157 3243 1338 3277 Tantaliam
1355 3251 1474 3275 vocare
1487 3267 1495 3282 ‚
1515 3241 1604 3283 quod
1617 3242 1775 3283 perpetua
1788 3240 2012 3282 expectatione
2025 3248 2202 3282 suspensos

1157 3307 1267 3339 teneat
1286 3314 1360 3345 eos,
1387 3304 1443 3346 qui
1460 3304 1549 3336 illam
1574 3303 1706 3342 subire,
1732 3304 1914 3345 potumque
1938 3312 1980 3336 ex
2003 3311 2042 3336 ea
2069 3302 2201 3335 hauriie

1161 3370 1333 3401 conantur.
